

@MISC{SZABO.2011,
  author =       {S. Szabo and R. Norcross and W. Shackleford},
  title =        {{Safety of Human-Robot Collaboration Systems Project}},
  howpublished = {http://www.nist.gov/el/isd/ps/safhumrobcollsys.cfm},
  year =         {2011},
}
@ARTICLE{CHABROL.1987,
  AUTHOR =       {J. Chabrol},
  TITLE =        {{Industrial Robot Standardization at ISO}},
  JOURNAL =      {Robotics},
  YEAR =         {1987},
  volume =       {3},
  number =       {2},
  pages =        {229--233},
}

@INBOOK{SADRI.2011,
  AUTHOR =       {F. Sadri},
  TITLE =        {Handbook of Research on Ambient Intelligence and Smart Environment: Trends and Perspectives},
  CHAPTER =      {{Logic-Based Approaches to Intention Recognition}},
  pages =        {346--375},
  YEAR =         {2011},
}


@INPROCEEDINGS{SCHLENOFF.UBICOMP.2012,
  AUTHOR =       {C. Schlenoff and A. Pietromartire and Z. Kootbally and S. Balakirsky and S. Foufou},
  TITLE =        {{Ontology-based State Representation for Intention Recognition in Cooperative Human-robot Environments}},
  BOOKTITLE =    {Proceedings of the 2012 ACM Conference on Ubiquitous Computing},
  YEAR =         {2012},
  series =       {UbiComp '12},
  pages =        {810--817},
  address =      {Pittsburg, PA, USA},
  keywords =     {RCC8, SWRL, human robot safety, intention recognition, ontologies, robotics, state-based representation},
}


@INPROCEEDINGS{RANDELL.ICKRR.1992,
  AUTHOR =       {D. A. Randell and Z. Cui and A. G. Cohn},
  TITLE =        {{A Spatial Logic based on Regions and Connection}},
  BOOKTITLE =    {Proceedings of the 3rd International Conference on Knowledge Representation and Reasoning},
  YEAR =         {1992},
  pages =        {165--176},
  series =       {KRR '92},
  address =      {San Mateo, CA, USA},
}

@INBOOK{SCHLENOFF.ECDRM.2012,
  AUTHOR =       {C. Schlenoff and A. Pietromartire and Z. Kootbally and S. Balakirsky and T. Kramer and S. Foufou},
  TITLE =        {{Engineering Creative Design in Robotics and Mechatronics}},
  CHAPTER =      {{Inferring Intention Through State Representation in Cooperative Human-Robot Environments}},
  YEAR =         {2013},
}

@INPROCEEDINGS{KELLEY.ICHRI.2008,
  AUTHOR =       {R. Kelley and A. Tavakkoli and C. King and M. Nicolescu and M. Nicolescu and G. Bebi},
  TITLE =        {{Understanding Human Intentions via Hidden Markov Models in Autonomous Mobile Robots}},
  BOOKTITLE =    {Proceedings of the 3rd ACM/IEEE International Conference on Human Hobot Interaction},
  YEAR =         {2008},
  series =       {HRI '08},
  pages =        {367--374},
  address =      {Amsterdam, The Netherlands},

}


@INPROCEEDINGS{JEON.ICMUE.2008,
  AUTHOR =       {H. Jeon and T. Kim and J. Choi},
  TITLE =        {{Ontology-based User Intention Recognition for Proactive Planning of Intelligent Robot Behavior}},
  BOOKTITLE =    {Proceedings of the 2008 International Conference on Multimedia and Ubiquitous Engineering},
  YEAR =         {2008},
  series =       {MUE '08},
  pages =        {244--248},
  address =      {Busan, Korea},
}

@INPROCEEDINGS{SCHREMPF.ICAR.2005,
  AUTHOR =       {O. C. Schrempf and U. D. Hanebeck},
  TITLE =        {{A Generic Model for Estimating User Intentions in Human-robot Cooperation}},
  BOOKTITLE =    {International Conference on Informatics in Control, Automation and Robotics},
  YEAR =         {2005},
  series =       {ICAR'05},
  pages =        {251--256},
  address =      {Barcelona, Spain},
}

@INPROCEEDINGS{MAO.AAMAS.2004,
  AUTHOR =       {W. Mao and J. Gratch},
  TITLE =        {{A Utility-Based Approach to Intention Recognition}},
  BOOKTITLE =    {Workshop on Agent Tracking: Modeling Other Agents from Observations},
  YEAR =         {2004},
  series =       {AAMAS 2004},
  address =      {New York, NY, USA},
}

@ARTICLE{YOUN.IJASET.2008,
  AUTHOR =       {S-J. Youn and K-W. Oh},
  TITLE =        {{Intention Recognition using a Graph Representation}},
  JOURNAL =      {International Journal of Applied Science, Engineering \& Technology},
  YEAR =         {2008},
  volume =       {4},
  number =       {1},
}

@ARTICLE{MULDER.IF.2003,
  AUTHOR =       {F. Mulder and F. Voorbraak},
  TITLE =        {{A Formal Description of Tactical Plan Recognition}},
  JOURNAL =      {Information Fusion},
  YEAR =         {2003},
  volume =       {4},
  number =       {1},
  pages =        {47--61},
  month =        {March},
}

@ARTICLE{JARVIS.AIM.2005,
  AUTHOR =       {P. A. Jarvis and T. F. Lunt and K. L. Myers},
  TITLE =        {{Identifying Terrorist Activity with AI Plan Recognition Technology}},
  JOURNAL =      {AI Magazine},
  YEAR =         {2005},
  volume =       {6},
  number =       {3},
  pages =        {73--81},
}

@INPROCEEDINGS{DEMOLOMBE.CLIMA.2005,
  AUTHOR =       {R. Demolombe and A. M. O. Fernandez},
  TITLE =        {{Intention Recognition in the Situation Calculus and Probability Theory Frameworks}},
  BOOKTITLE =    {Proceedings of the 6th international conference on Computational Logic in Multi-Agent Systems},
  YEAR =         {2005},
  series =       {CLIMA V},
  pages =        {358--372},
  address =      {London, UK},
  publisher =    {Springer-Verlag},
}

@ARTICLE{Philipose.PC.2004,
  AUTHOR =       {M. Philipose and K. P. Fishkin and M. Perkowitz and D. J. Patterson and D. Fox and H. Kautz and D. Hahnel},
  TITLE =        {{Inferring Activities from Interactions with Objects}},
  JOURNAL =      {IEEE Pervasive Computing},
  YEAR =         {2004},
  volume =       {3},
  number =       {4},
  pages =        {50--57},
}

@MISC{Bateman.2006,
  author =       {J. Bateman and S. Farrar},
  title =        {{Spatial Ontology Baseline Version 2.0}},
  howpublished = {University of Bremen},
  year =         {2006},
}

@INPROCEEDINGS{OWLoverview,
  author = {F. Harmelen and D. McGuiness},
  title = {{OWL Web Ontology Language Overview}},
  booktitle = {http://www.w3.org/TR/2004/REC-owl-features-20040210/},
  year = {2012}
}


@INPROCEEDINGS{Wolter.KR.2000,
  AUTHOR =       {F. Wolter and M. Zakharyaschev},
  TITLE =        {{Spatio-temporal Representation and Reasoning Based on RCC-8}},
  BOOKTITLE =    {Proceedings of the 7th Conference on Principles of Knowledge Representation and Reasoning},
  YEAR =         {2000},
  series =       {KR2000},
  pages =        {3--14},
  publisher =    {Morgan Kaufmann},
}

@INPROCEEDINGS{Albath.CAINE.2010,
  AUTHOR =       {J. Albath and J. Leopold and C. Sabharwal and A. Maglia},
  TITLE =        {{RCC-3D: Qualitative Spatial Reasoning in 3D}},
  BOOKTITLE =    {Proceedings of the 23rd International Conference on Computer Applications in Industry and Engineering},
  YEAR =         {2010},
  series =       {CAINE 2010},
  address =      { Las Vegas, NV, USA},
  month =        {8--10 November},
}

@ARTICLE{,
  AUTHOR =       {G. F. Ligozat},
  TITLE =        {{Qualitative Triangulation for Spatial Reasoning}},
  JOURNAL =      {Spatial Information Theory A Theoretical Basis for GIS},
  YEAR =         {1993},
  volume =       {716},
  number =       {},
  pages =        {54--68},
  month =        {},
  note =         {},
  abstract =     {},
  keywords =     {},
  source =       {},
}

@INCOLLECTION{Ligozat.1993,
  AUTHOR =       {G. F. Ligozat},
  TITLE =        {{Qualitative Triangulation for Spatial Reasoning}},
  BOOKTITLE =    {Spatial Information Theory A Theoretical Basis for GIS},
  PUBLISHER =    {Springer Berlin Heidelberg},
  YEAR =         {1993},
  editor =       {A. U. Frank and I. Campari},
  volume =       {716},
  pages =        {54--68},
}


@INCOLLECTION{Freksa.LNCS.1992,
  AUTHOR =       {C. Freksa},
  TITLE =        {{Using Orientation Information for Qualitative Spatial Reasoning}},
  BOOKTITLE =    {Theories and Methods of SpatioTemporal Reasoning in Geographic Space},
  PUBLISHER =    {Berlin: Springer-Verlag},
  YEAR =         {1992},
  editor =       {A. U. Frank and I. Campari and U. Formentini},
  volume =       {639},
  series =       {Lecture Notes in Computer Science},
  pages =        {162--178},
}

@INCOLLECTION{Schlieder.1995,
  AUTHOR =       {C. Schlieder},
  TITLE =        {{Reasoning about Ordering}},
  BOOKTITLE =    {Spatial Information Theory A Theoretical Basis for GIS},
  PUBLISHER =    {Springer Berlin Heidelberg},
  YEAR =         {1995},
  editor =       {A. U. Frank and W. Kuhn},
  volume =       {988},
  series =       {Lecture Notes in Computer Science},
  pages =        {341--349},
}

@INPROCEEDINGS{Moratz.IJCAI.2005,
  AUTHOR =       {R. Moratz and F. Dylla and J. Frommberger},
  TITLE =        {{A Relative Orientation Algebra with Adjustable Granularity}},
  BOOKTITLE =    {Proceedings of the Workshop on Agents in Real-Time and Dynamic Environments},
  YEAR =         {2005},
  series =       {IJCAI 2005},
}

@INPROCEEDINGS{Wallgrun.ICSC.2007,
  AUTHOR =       {J. O. Wallgr\"{u}n and L. Frommberger and D. Wolter and F. Dylla and C. Freksa},
  TITLE =        {{Qualitative Spatial Representation and Reasoning in the SparQ-toolbox}},
  BOOKTITLE =    {Proceedings of the 2006 International Conference on Spatial Cognition V: Reasoning, Action, Interaction},
  YEAR =         {2007},
  pages =        {39--58},
  address =      {Bremen, Germany},
  publisher =    {Springer-Verlag},
}

@INPROCEEDINGS{Balakirsky.IROS.2012,
  AUTHOR =       {S. Balakirsky and Z. Kootbally and C. Schlenoff and T. Kramer and S. Gupta},
  TITLE =        {{An Industrial Robotic Knowledge Representation for Kit Building Applications}},
  BOOKTITLE =    {Proceedings of the IEEE/RSJ International Conference on Intelligent Robots and Systems},
  YEAR =         {2012},
  series =       {IROS 2012},
  address =      {Vilamoura, Algarve, Portugal},
}

@BOOK{NAU.2004,
  AUTHOR =       {Nau, D. and Ghallab, M. and Traverso, P.},
  TITLE =        {Automated Planning: Theory \& Practice},
  PUBLISHER =    {Morgan Kaufmann Publishers Inc.},
  YEAR =         {2004},
  address =      {San Francisco, CA, USA},
}

@INPROCEEDINGS{Carpin.ICRA.2007,
  AUTHOR =       {S. Carpin and M. Lewis and J. Wang and S. Balakirsky and and C. Scrapper},
  TITLE =        {{USARSim: A Robot Simulator for Research and Education}},
  BOOKTITLE =    {Proceedings of the 2007 IEEE International Conference on Robotics and Automation},
  YEAR =         {2007},
  pages =	 {1400--1405},
  series =       {ICRA 2007},
  address =      {Vilamoura, Algarve, Portugal},
}

@INPROCEEDINGS{Kitano.ICAA.1997,
  AUTHOR =       {H. Kitano and M. Asada and Y. Kuniyoshi and I. Noda and E. Osawa},
  TITLE =        {{RoboCup: The Robot World Cup Initiative}},
  BOOKTITLE =    {Proceedings of the 1st International Conference on Autonomous Agents},
  YEAR =         {1997},
  pages =	 {340--347},
  series =       {AGENTS'97},
  address =      {Marina del Rey, CA, USA},
}

@ARTICLE{UDKWeb,
  author = {Epic Games},
  title = {{Unreal Development Kit}},
  journal = {http://udk.com},
  year = {2011},
  owner = {stephen},
  timestamp = {2011.12.10}
}
