@article{BalakirskyKKPSG13,
  author    = {Stephen Balakirsky and
               Zeid Kootbally and
               Thomas R. Kramer and
               Anthony Pietromartire and
               Craig Schlenoff and
               Satyandra Gupta},
  title     = {Knowledge driven robotics for kitting applications},
  journal   = {Robotics and Autonomous Systems},
  volume    = {61},
  number    = {11},
  year      = {2013},
  pages     = {1205-1214},
  ee        = {http://dx.doi.org/10.1016/j.robot.2013.04.006},
  bibsource = {DBLP, http://dblp.uni-trier.de}
}
@InProceedings{hamlyn_paulo_2013, 
	Author = {Gon\c{c}alves, P.J.S.},
	Title = {Towards an Ontology for Orthopaedic Surgery, application to Hip Resurfacing},
	BookTitle = {Proceedings of the Hamlyn Symposium on Medical Robotics},
	Address = {London, UK},
 	Month = {June},
	Year = {2013},
        isbn = {978-0-9563776-4-7},
	Pages = {61--62},
}
@article{haidegger2013RAS,
title = "Applied ontologies and standards for service robots ",
journal = "Robotics and Autonomous Systems ",
volume = "61",
number = "11",
pages = "1215--1223",
year = "2013",
doi = "10.1016/j.robot.2013.05.008",
url = "http://dx.doi.org/10.1016/j.robot.2013.05.008",
author = "Tam\'{a}s Haidegger and Marcos Barreto and P.J.S. Gon\c{c}alves and Maki K. Habib and Veera Ragavan and Howard Li and Alberto Vaccarella and Roberta Perrone and Edson Prestes",
}
@article{guarino1997understanding,
  title={Understanding, building and using ontologies},
  author={Guarino, N.},
  journal={Intl. J. of Human--Computer Studies},
  volume={46},
  number={2-3},
  pages={293--310},
  year={1997},
  publisher={Elsevier Science}
}
@article{serra2011process,
  title={A process for extracting non-taxonomic relationships of ontologies from text},
  author={Serra, I. and Girardi, R.},
  journal={Intelligent Information Management},
  volume={3},
  number={4},
  pages={119--124},
  year={2011},
  publisher={Scientific Research Publishing}
}
@inproceedings{li2005learning,
  title={Learning ontology from relational database},
  author={Li, M. and Du, X. Y. and Wang, S.},
  booktitle={Proc. of the 2005 Intl. Conf. on Machine Learning and Cybernetics},
  volume={6},
  pages={3410--3415},
  year={2005}
}

@inproceedings{stenmark2013knowledge,
  title={Knowledge-Based Industrial Robotics.},
  author={Stenmark, Maj and Malec, Jacek},
  booktitle={SCAI},
  pages={265--274},
  year={2013}
}

@article{giaretta1995ontologies,
  title={Ontologies and knowledge bases towards a terminological clarification},
  author={Giaretta, P.},
  journal={Towards Very Large Knowledge Bases: Knowledge Building \& Knowledge Sharing},
  pages={25},
  year={1995}
}

@inproceedings{Compton2009a,
  author    = {Compton, M. and Neuhaus, H. and Taylor, K. and Tran, K. N.},
  title     = {Reasoning about sensors and compositions},
  booktitle = {Intl. Workshop on Semantic Sensor Networks},
  year      = {2009},
  pages     = {33--48}
  }

@misc{SRS2013,
	Note = {\url{www.ifr.org/service-robots/statistics}},
	Title = {Service Robot Statistics, visited April 27},
    Year = {2013}}

@misc{ROS2013,
      Note = {\url{http://www.ros.org}},
	Title = {Robot Operating System, visited {A}pril 27},
    Year = {2013},
    }

@article{Chandrasekaran1999,
 author = {Chandrasekaran, B. and Josephson, J. R. and Benjamins, V. R.},
 title = {What are ontologies, and why do we need them?},
 journal = {IEEE Intelligent Systems},
 issue_date = {January 1999},
 volume = {14},
 number = {1},
 month = Jan,
 year = {1999},
 pages = {20--26},
 numpages = {7},
 url = {http://dx.doi.org/10.1109/5254.747902},
 doi = {10.1109/5254.747902},
 acmid = {630436},
 publisher = {IEEE Educational Activities Department},
 address = {Piscataway, NJ, USA},
}

@INPROCEEDINGS{Musen1998,
    author = {Musen, M. A.},
    title = {Modern architectures for intelligent systems: reusable ontologies and problem-solving methods},
    booktitle = {1998 AMIA Annual Symposium},
    year = {1998},
    pages = {46--52}
}

@inproceedings{Klai2009,
 author = {Klai, S. and Khadir, M. T.},
 title = {Data based ontology construction coupled to expert system for steam turbine aided diagnostic},
 booktitle = {Proc. of the 3rd Intl. Conf. on Innovation and Information and Communication Technology},
 series = {ISIICT'09},
 year = {2009},
 location = {Amman, Jordan},
 pages = {16--16},
 numpages = {1},
 url = {http://dl.acm.org/citation.cfm?id=2228029.2228052},
 acmid = {2228052},
 publisher = {British Computer Society},
 address = {Swinton, UK},
 keywords = {data master, expert system (JESS), ontology construction and evolution},
}

@inproceedings{Rocha2010,
 author = {Valiente-Rocha, P. A. and Lozano-Tello, A.},
 title = {Ontology-based expert system for home automation controlling},
 booktitle = {Proc. of the 23rd Intl. Conf. on Industrial Engineering and Other Applications of Applied Intelligent Systems -- Part I},
 series = {IEA/AIE'10},
 year = {2010},
 isbn = {3-642-13021-6, 978-3-642-13021-2},
 location = {Cordoba, Spain},
 pages = {661--670},
 numpages = {10},
 url = {http://dl.acm.org/citation.cfm?id=1945758.1945836},
 acmid = {1945836},
 publisher = {Springer--Verlag},
 address = {Berlin, Heidelberg},
 keywords = {SWRL, ambient intelligence, domotic, expert system, intellidomo, ontologies},
}

@INPROCEEDINGS{Fernandez97,
  author = {Fern\'andez, M. and G\'omez-P\'erez, A. and Juristo, N.},
  title = {{METHONTOLOGY:} from ontological art towards ontological engineering},
  booktitle = {Ontological Engineering},
  year = {1997},
  volume = {6},
  series = {AAAI Spring Symposium},
  pages = {33--40},
  institution = {AAAI},
  shorttitle = {{METHONTOLOGY}},
  type = {AAAI Spring Symposium}
}

@INCOLLECTION{Guarino2009,
  author = {Guarino, N. and Welty, C. A.},
  title = {An overview of {OntoClean}},
  booktitle = {Handbook on Ontologies},
  publisher = {Springer Berlin Heidelberg},
  year = {2009},
  editor = {Staab, S. and Studer, R.},
  series = {Intl. Handbooks on Information Systems},
  pages = {201--220},
  month = Jan,
  abstract = {{OntoClean} is a methodology for validating the ontological adequacy
	and logical consistency of taxonomic relationships. It is based on
	highly general ontological notions drawn from philosophy, like essence,
	identity, and unity, which are used to elicit and characterize the
	intended meaning of properties, classes, and relations making up
	an ontology. These aspects are represented by formal metaproperties,
	which impose several constraints on the taxonomic relationships between
	concepts. The analysis of these constraints helps in evaluating and
	validating the choices made. In this chapter we present an informal
	overview of the philosophical notions involved and their role in
	{OntoClean}, review some common ontological pitfalls, and walk through
	the example that has appeared in pieces in previous papers and has
	been the basis of numerous tutorials and talks.},
  copyright = {Â©2009 Springer--Verlag Berlin Heidelberg},
  file = {Full Text PDF:C:\Users\srfiorini\AppData\Roaming\Mozilla\Firefox\Profiles\cag90s3o.default\zotero\storage\86XRWKTA\Guarino e Welty - 2009 - An Overview of OntoClean.pdf:application/pdf;Snapshot:C:\Users\srfiorini\AppData\Roaming\Mozilla\Firefox\Profiles\cag90s3o.default\zotero\storage\PVJPKNNS\10.html:text/html},
  isbn = {978-3-540-70999-2, 978-3-540-92673-3},
  keywords = {Business Information Systems, Information Systems Applications {(incl.Internet)}},
  language = {en},
  url = {http://link.springer.com/chapter/10.1007/978-3-540-92673-3_9},
  urldate = {2012-12-03}
}

@article{2005_Chatterjee,
author = {Chatterjee, R. and Matsuno, F.},
title = {Robot description ontology and disaster scene description ontology: analysis of necessity and scope in rescue infrastructure context},
journal = {Advanced Robotics},
volume = {19},
number = {8},
pages = {839--859},
year = {2005},
doi = {10.1163/1568553055011528},

URL = {http://www.tandfonline.com/doi/abs/10.1163/1568553055011528},
eprint = {http://www.tandfonline.com/doi/pdf/10.1163/1568553055011528}
}

@conference{Schlenoff2005,
	Author = {Schlenoff, C. and Messina, E.},
	Booktitle = {Proc. of the 2005 ACM Workshop on Research in Knowledge
  Representation for Autonomous Systems},
	Pages = {{27--34}},
	Title = {A robot ontology for urban search and rescue},
	Year = {2005}
}

@conference{varadarajan2011,
	Author = {Varadarajan, K. and Vincze, M.},
	Booktitle = {proc. of the ICRA Workshop on Autonomous Grasping, 2011},
	Title = {Affordance based part recognition for grasping and manipulation},
	Year = {2011}
}


@conference{Compton2009,
	Author = {Compton, M. and Henson, C. and Neuhaus, H. and Lefort, L. and Sheth, A.},
	Booktitle = {Proc. of the 2nd Intl. Workshop on Semantic Sensor Networks, at 8th Intl. Semantic Web Conference, 2009},
	Pages = {{27--34}},
	Title = {A survey of the semantic specification of sensors},
	Year = {2009}
}	


@inproceedings{preece2008matching,
  title={Matching sensors to missions using a knowledge-based approach},
  author={Preece, Alun and Gomez, Mario and de Mel, Geeth and Vasconcelos,
Wamberto and Sleeman, Derek and Colley, Stuart and Pearson, Gavin and
Pham, Tien and La Porta, Thomas},
  booktitle={SPIE Defense and Security Symposium, 2008},
  pages={698109--698109},
  year={2008},
  organization={International Society for Optics and Photonics}
}	

@conference{Haidegger2008,
       Author = {Haidegger, T. and  Kovacs, L. and Fordos, G. and Benyo, Z. and Kazanzides, P.},
       Title = {Future trends in robotic neurosurgery},
       Pages = {{229--233}},
       Booktitle = {{in Proc. of the 14th Nordic-Baltic Conf. on Biomedical Engineering and Medical Physics (NBC), Riga, 2008}},
       Year = {2008}}

@conference{davinci,
	Author = {Arumugam, R. and Enti, V. R. and Bingbing, L. and Xiaojun, W. and Baskaran, K. and Kong, F. F. and Kumar, A. S. and Meng, K.D. and Wai Kit G.},
	Booktitle = {Proc. of the IEEE Conf. Robotics and Automation (ICRA)},
	Pages = {{3084--3089}},
	Title = {{DAvinCi: a cloud computing framework for service robots}},
	Year = {2010}}

@article{Eljamel2006,
	Author = {{Eljamel, M.}},
	Journal = {The Intl. J. of Medical Robotics and Computer Assisted Surgery},
	Pages = {233--237},
	Title = {Robotic application in epilepsy surgery},
	Volume = {2},
	Year = {2006}}
	
@article{Jannin2007,
	Author = {{Jannin, P. and Morandi, X.}},
	Journal = {Neuroimage},
	Pages = {783--791},
	Title = {Surgical models for computer-assisted neurosurgery},
	Volume = {37},
	Year = {2007},
}

@article{Neumuth2011,
	Author = {{Neumuth, D. and Loebe, F. and Herre, H. and Neumuth, T.}},
	Journal = {Artificial Intelligence in Medicine},
	Pages = {147--160},
	Title = {Modeling surgical processes: A four-level translational approach},
	Volume = {51},
	Year = {2011},
}


@article{Rhoton2003,
	Author = {Rhoton, A. L.},
	Journal = {Neurosurgery},
	Pages = {907--937},
	Title = {MOperative techniques and instrumentation for neurosurgery},
	Volume = {53},
    Number = {4},
	Year = {2003},
}



@inproceedings{lemaignan2010oro,
author = {Lemaignan, S. and Ros, R., M\"osenlechner and L., Alami, R. and Beetz, M.},
title = {ORO, a knowledge management module for cognitive architectures in robotics},
booktitle = {Proc. of the 2010 IEEE/RSJ Intl. Conf. on Intelligent Robots and Systems},
year = {2010},
}

@InProceedings{tenorth09knowledge,
author  = {Tenorth, M. and Beetz, M.},
title = {{KnowRob -- knowledge processing for autonomous personal robots}},
booktitle = {Proc. of the 2009 IEEE/RSJ Intl. Conf. on Intelligent Robots and Systems},
pages={4261--4266},
year = {2009},
 }

@inproceedings{OConnor2005,
author  = {O'Connor, M. and Knublauch, H. and Tu, S. and Musen, M.},
title = {{Writing rules for the semantic web using SWRL and Jess}},
booktitle = {8th Intl. Prot\`eg\`e Conference},
year = {2005},
 }


@article{Misener,
	Author = {Misener, D.},
	Journal = {The Globe and Mail},
	Pages = {March},
	Title = {Why robot brains could be the killer app of cloud computing},
	Year = {2012}}

@article{google,
	Author = {Dignan, L.},
	Journal = {ZD net},
	Title = {Google aims to bridge Android, cloud computing with robotics},
	Volume = {May},
    Note = {\url{www.zdnet.com/blog/btl/google-aims-to-bridge-android-cloud-computing-with-robotics/48693}},
	Year = {2011}}


@article{Rhoton,
	Author = {Rhoton, A. L.},
	Journal = {Neurosurgery},
	Pages = {907--934},
	Title = {Operative techniques and instrumentation for neurosurgery},
	Number = {4},
	Volume = {53},
	Year = {2003}}
	
@article{Spire2008,
	Author = {{Spire, W. J. and Jobst, B. C. and Thadani, V. M. and Williamson, P. D. and Darcey, T. M. and Roberts, D. W.}},
	Journal = {Neurosurg. Focus},
    Number = {3},
	Title = {Robotic image-guided depth electrode implantation in the evaluation of medically intractable epilepsy},
	Volume = {25},
	Year = {2008}}
	
@article{Varma2006,
	Author = {{Varma, T. and Eldridge, P.}},
	Journal = {The Intl. J. of Medical Robotics and Computer Assisted Surgery},
	Pages = {107--113},
	Title = {Use of the {NeuroMate} stereotactic robot in a frameless mode for functional neurosurgery},
	Volume = {2},
	Year = {2006}}

@article{Noy2001,
	Author = {{Natalya, F., Noy and Deborah, L., McGuinness}},
	Title = {Ontology Development 101: A Guide to Creating Your First Ontology},
	Journal = {Stanford Knowledge Systems Laboratory Technical Report KSL-01-05 and Stanford Medical Informatics Technical Report SMI-2001-0880},
	Year = {2001}}


@article{Noy2009,
	Author = {{Noy, N. F. and Shah, N. H. and Whetzel, P. L. and Dai, B. and Dorf, M. and Griffith, N., et al.}},
	Journal = {Nucleic Acids Res},
	Pages = {170--173},
	Title = {BioPortal: ontologies and integrated data resources at the click of a mouse},
	Volume = {37},
	Year = {2009}}

@article{Smith2007,
	Author = {{Smith, B. and Ashburner, M. and Rosse, C. and Bard, J., Bug, W. and Ceusters, W., et al.}},
	Journal = {Nat Biotechnol},
	Pages = {1251--1255},
	Title = {The OBO foundry: coordinated evolution of ontologies to support biomedical data integration},
	Volume = {37},
	Year = {2007}}

@article{Haddad2008,
	Author = {{Haddad, F. S. and Bull, J. and Soler, J. A.}},
	Title = {Presented at: AAOS. March 6-8, 2008; San Francisco, CA},
	Year = {2008}}

	
@article{HF1,
	Author = {{Goodrich, M. A. and Schultz, A. C.}},
	Journal = {Foundations and Trends in Human--Computer Interaction},
	Pages = {203--275},
	Title = {Human--robot interaction: a survey},
    Number = {3},
    Volume = {1},
	Year = {2007}}
	
 @misc{HF2,
	Note = {{\url{http://www.irobot.com/en/us/robots/home/roomba.aspx}}},
	Title = {{Roomba, visited April 27}},
    Year = {2012}}
	

 @misc{ifr_SeR_def,
      Note = {{\url{http://www.ifr.org/service-robots/}}},
      Title = {{Intl. Federation of Robotics (IFR), service robot,
provisional definition of service robots, visited April 27}},
      	Year = {2012}
}
 @misc{HFN,
	Note = {{\url{http://dbpedia.org}}},
	Title = {{DBpedia, vvisited April 27}},
		Year = {2012}
}
@misc{HF3,
	Note = {{\url{http://www.intuitivesurgical.com/products/davinci_surgical_system/}}},
	Title = {{DaVinci, visited April 27}},
	Year = {2012}}
}
@misc{HF4,
	Author = {Kock, S.},
    Note = {{\url{http://www.robotics.it-chiba.ac.jp/wang/ROBIO2008/pdfs/PlenaryTalk-Dr\_Kock.pdf}}},
	Title = {{Industrial robotics--trends and opportunities in a changing world, ROBIO'08 Plenary Talk}},
	Year = {2008}}
	
@article{HF5,
	Author = {{Schlenoff, C. and Prestes, E. and Madhavan, R. and Goncalves, P. J. S. and Li, H., Balakirsky, S. and Kramer, T. and Miguelanez, E.}},
	Journal = {Bridges between the Methodological and Practical Work of the Robotics and Cognitive Systems Communities---From Sensors to Concepts, \emph{Chibani A, Zarri G. P. Amirat Y.} (ed.), in press, Intelligent Systems Reference Library, Springer--Verlag Berlin Heidelberg},
	Pages = {107--113},
	Title = { An IEEE Standard Ontology for Robotics and Automation},
	Year = {2012}}
	
@conference{P1,
	Author = {{Bascetta, L. and Ferretti, G. and Rocco, P. and ArdÃ¶, H. and Bruyininckx, H. and Demeester, E. and Di Lello, E.}},
	Booktitle = {Proc. of IEEE/RSJ Intl. Conf. on Intelligent Robots and Systems (IROS)},
	Pages = {{3084--3089}},
	Title = {{Towards safe human--robot interaction in robotic cells: an approach based on visual tracking and intention estimation}},
	Year = {2011}}
	
@article{intro1,
	Author = {{Habib, M. K.}},
	Journal = {Mobile Robotics: Toward New
Applications, (Ed.) A. Lazinica, ARS-pro literature Verlag Publishers},
	Pages = {449--480},
	Title = { Service Robots and Humanitarian demining},
	Year = {2012}}
	
@article{intro2,
	Author = {{Habib, M. K.}},
	Journal = {Intl. J. of Advanced Robotic Systems},
	Pages = {151--172},
	Title = {Humanitarian Demining: Reality and the Challenge of Technology - The State of the Arts},
    Number = {2},
    Volume = {4},
    Year = {2007}}
	
@article{intro3,
	Author = {{Habib, M. K.}},
	Journal = {Innovative Solutions and the Challenges of Technology, \emph{Maki K. Habib }(Ed.), ARS-pro literature Verlag Publishers},
	Pages = {1--56},
	Title = {Humanitarian Demining: The Problem, Difficulties, Technologies and the Role of Robotics},
	Year = {2008}}
	
@article{Habib2001,
	Author = {{Habib, M. K.}},
	Journal = {Proc. of the Intl. Symposium on Robots (ISR2001), Soeul},
	Title = {Service Robots in Humanitarian Landmine Clearance},
	Year = {2001}}

@article{intro4,
	Author = {{Habib, M. K.}},
	Journal = {Intl. J. of Advanced Robotic Systems},
	Pages = {323--338},
	Title = {Real Time Mapping and Dynamic Navigation for Mobile Robots},
    Number = {3},
    Volume = {4},
    Year = {2007}}

@article{intro5,
	Author = {{Habib, M. K. and Baudoin, Y.}},
	Journal = {Intl. J. of Industrial Robot},
	Title = {Rescue and Hazardous Intervention Robotics},
    Volume = {39},
    Issue = {5},
    Pages = {{423--427}},
    Year = {2012}}	


@article{GeneOntology,
	Author = {Ashburner, M. and  Ball, C. and  Blake,  J. and  Botstein, D. and  Butler, H. and  Cherry,  J. and  Davis, A. and  Dolinski, K. and  Dwight, S. and Eppig, J.},
	Journal = {Nature Genetics},
	Pages = {25--29},
	Title = {Gene Ontology: tool for the unification of biology},
    Number = {1},
    Volume = {25},
    Year = {2000}}

@article{KnowledgePortals,
	Author = {{Staab, S.  and Maedche, A.}},
	Journal = {AI Magazine},
	Pages = {63--75},
	Title = {Knowledge Portals---Ontologies at Work},
    Number = {2},
    Volume = {22},
    Year = {2001}}


@conference{KnowLang,
	Author = {Vassev, E.  and Hinchey, M.},
	Booktitle = {Proc. of the 3rd Intl. Conf. on Data Mining and Intelligent Information Technology Applications, 2011},
	Pages = {{228--235}},
	Title = {{Towards a formal language for knowledge representation in autonomic service-component ensembles}},
	Year = {2011}}

@conference{TorresBioRob2012,
    Author = {Torres, P. M. B and Sanches, J. and Goncalves, P. J. S. and Martins, J. M. M.},
    Booktitle = {4th IEEE RAS \& EMBS Intl. Conf. on Biomedical Robotics and Biomechatronics (BioRob)},
    Pages = {{884--888}},
    Title = {{3D femur reconstruction using a robotized ultrasound probe}},
    Year = {2012}}

@conference{Gurvinder2012,
	Author = {Virk, G. S. and Haidegger, T.},
	Title = {Classification Guidelines for Personal care Robots--Medical and non-medical applications},
	Pages = {{33--36}},
	Booktitle = {{Proc.~of the 2012 IEEE IROS Workshop on Safety in Human--Robot Coexistence \& Interaction}},
	Year = {2012}}

@misc{tc184,
	Note = {{\url{http://www.robocasa.net/workshop/2007/pdf/toyota.pdf}}},
	Title = {{Y.Ota, Safety Standardization Activities on Service Robots, Italy-Japan Symposium, Tokyo}},
	Year = {2007}}
	
	
@misc{FloridaIHMC,
	Note = {{\url{http://www.ihmc.us/}}},
	Title = {{Florida Institute for Human and Machine Cognition, visited April 27}},
	Year = {2012}}

@misc{UL1740,
	Note = {{\url{http://www.ul.com/global/eng/pages/offerings/industries/powerandcontrols/robots/}}},
	Title = {{UL 1740, Robots and Robotic Equipment, Underwriter's Laboratory}},
	Year = {2012}}

@misc{AUS2008,
	Note = {{\url{www.surfacehippy.info/aoanationalreg08.php}}},
	Title = {{Australian Orthopaedic Association National Joint Replacement Registry Annual Report}},
	Year = {2008}}

		
@misc{opencyc,
	Note = {{\url{http://www.cyc.com/cyc/opencyc/overview}}},
	Title = {{OPENcyc}},
	Year = {2012}}

@article{OASys,
	Author = {{Bermejo-Alonso, J. and  Sanz, R. and  Rodriguez, M. and  Hernandez, C.}},
	Journal = {Intl. J. on Advances in Intelligent Systems},
	Title = {An Ontological Framework for Autonomous Systems Modelling},
    Number = {3},
    Volume = {3},
	Pages = {{211--225}},
    Year = {2010}}

@conference{RodoDB,
	Author = {Juarez, A. and Bartneck, C. and Feijs, L.},
	Booktitle = {Proc. of the 6th ACM/IEEE Intl. Conf. on Human--Robot Interaction, 2011},
	Pages = {{425--432}},
	Title = {{Using Semantic Web Technologies to Describe Robotic Embodiments}},
	Year = {2011}}

 @conference{Bateman,
	Author = {Bateman, J. and Farrar, S. },
	Booktitle = {Proc. of Spatial Cognition Conference, Lecture Notes in Computer Science, Vol. 3343/2005},
	Pages = {{366--389}},
	Title = {{Modelling Models of Robot Navigation Using Formal Spatial Ontology}},
	Year = {2005}}
	
 @conference{SOUPA,
	Author = {Chen, H. and Finin, T. and Joshi, A.},
	Booktitle = {Ontologies for Agents: Theory and Experiences},
	Pages = {{366--389}},
	Publisher = {BirkHauser},
	Title = {{The SOUPA Ontology for Pervasive Computing}},
	Year = {2005}}    	
	
@article{ChenOntology,
	Author = {Chen, H. and Finin, T. and Joshi, A.},
	Journal = {J. on Ontologies for Distributed Systems, Knowledge Engineering Review},
	Pages = {197--207},
	Title = {An Ontology for Context-Aware Pervasive Computing Environments},
    Volume = {18},
    Year = {2003}}

    @article{Lim_Suh_2011,
	Author = {{Lim, G. H. and Suh, I. H. and Suh, H.}},
	Journal = {IEEE Trans. on Systems, Man and Cybernetics, Part A: Systems and Humans},
	Pages = {502--509},
	Title = {Ontology-based unified robot knowledge for service robots in indoor environments},
    Volume = {41},
    Year = {2011}}

@article{haidegger2011,
author = {Haidegger, T. and S\'{a}ndor, J. and Beny\'{o}, Z.},
doi = {10.1007/s00464-010-1243-3},
issn = {1432--2218},
journal = {Surgical Endoscopy},
number = {3},
volume = {25},
pages = {681--690},
title = {{Surgery in space: the future of robotic telesurgery}},
year = {2011}
}

@article{Cohn2013,
author = {Johnathan, C.},
journal = {The Atlantic},
number = {March},
pages = {},
title = {The Robot Will See You Now},
note = {\url{www.theatlantic.com/magazine/archive/2013/03/the-robot-will-see-you-now/309216/}},
year = {2013}
}

@misc{DAML,
	Note = {{\url{http://www.daml.org/}}},
	Title = {{{DAML, vvisited April 27}}},
	Year = {2012}}

@misc{ASCENS,
	Note = {{\url{http://www.ascens-ist.eu/home}}},
	Title = {{{ASCENS, visited April 27}}},
	Year = {2012}}
    			
 @conference{Chen_RaaS,
	Author = {{Chen, Y., Du, Z., and Garcia-Acosta, M. }},
	Booktitle = {Proc. of 5th IEEE Intl. Symposium on Service Oriented System Engineering (SOSE)},
	Pages = {{151--158}},
	Title = {{Robot as a Service in Cloud Computing}},
	Year = {2010}}
	
	
@misc{Roboswarm,
	Note = {{\url{http://roboswarm.eu/index.html}}},
	Title = {{Roboswarm, visited April 27}},
	Year = {2012}}  	
	
@article{Idaho_RobotSwarm,
	Author = {Bruemmer, D. J. and Dudenhoeffer, D. D. and Anderson, M. O. and McKay, M. D.},
	Journal = {IEEE Spectrum},
	Title = {A Robotic Swarm for Spill Finding and Perimeter Formation},
    Year = {2002}}

@article{RoboEarth,
	Author = {Waibel, M. and  Beetz, M. and Civera, J. and Andrea, R. and Elfring, J. and Galvez-Lopez, D. and Haussermann, K. and  Janssen, R. J. M. and  Montiel, J. M. M. and  Perzylo, A. and  Schiessle, B. and Tenorth, M. and Zweigle, O. and   van de Molengraft, M. J. G.},
	Journal = {IEEE Robotics \& Automation Magazine},
	Pages = {69--82},
	Title = {RoboEarth---A World Wide Web for Robots},
    Volume = {18},
    Year = {2011}}

@article{burke2004final,
  title={Final report for the {DARPA/NSF} interdisciplinary study on human--robot interaction},
  author={Burke, J. L. and Murphy, R. R. and Rogers, E. and Lumelsky, V. J. and Scholtz, J.},
  journal={IEEE Trans. on Systems, Man, and Cybernetics},
  volume={34},
  number={2},
  pages={103--112},
  year={2004},
}

@inproceedings{alfus,
  title={A Framework For Autonomy Le\-vels For Unmanned Systems ({ALFUS})},
  author={Huang, H. M. and Pavek, K. and  Novak, B. and  Albus, J. and  Messina, E.},
  booktitle={Proc. of the 2005 AUVSI's  Unmanned Systems North America Symposium, Baltimore, MD},
  pages={1--9},
  year={2005},
}


@article{thrun2004toward,
  title={Toward a framework for human--robot interaction},
  author={Thrun, S.},
  journal={Human--Computer Interaction},
  volume={19},
  number={1-2},
  pages={9--24},
  year={2004},
  publisher={Taylor \& Francis}
}

@article{hall2004challenges,
  title={Challenges in building service-oriented applications for OSGi},
  author={Hall, R.S. and Cervantes, H.},
  journal={IEEE Communications Magazine},
  volume={42},
  number={5},
  pages={144--149},
  year={2004},
  publisher={IEEE}
}

@inproceedings{ragavan2007general,
  title={A General Telematics Framework for Autonomous Service Robots},
  author={Ragavan, S.V. and Ganapathy, V.},
  booktitle={IEEE Intl. Conf. on Automation Science and Engineering, 2007. CASE 2007},
  pages={609--614},
  year={2007},
  organization={IEEE}
}

@article{schraft1994mechatronics,
  title={Mechatronics and robotics for service applications},
  author={Schraft, R.D.},
  journal={Robotics \& Automation Magazine, IEEE},
  volume={1},
  number={4},
  pages={31--35},
  year={1994},
  publisher={IEEE}
}


@inproceedings{bartneck2004design,
  title={A design-centred framework for social human--robot interaction},
  author={Bartneck, C. and Forlizzi, J.},
  booktitle={13th IEEE Intl. Symposium on Robot and Human Interactive Communication (ROMAN)},
  pages={591--594},
  year={2004},
}
@inproceedings{gorostiza2006multimodal,
  title={Multimodal human--robot interaction framework for a personal robot},
  author={Gorostiza, J. F. and Barber, R. and Khamis, A. M. and Pacheco, M. M. R. and Rivas, R. and Corrales, A. and Delgado, E. and Salichs, M. A.},
  booktitle={The 15th IEEE Intl. Symposium on Robot and Human Interactive Communication (ROMAN)},
  pages={39--44},
  year={2006},
}

@inproceedings{salichs2006maggie,
  title={Maggie: A robotic platform for human--robot social interaction},
  author={Salichs, M. A. and Barber, R. and Khamis, A. M. and Malfaz, M. and Gorostiza, J. F. and Pacheco, R. and Rivas, R. and Corrales, A. and Delgado, E. and Garc{\'\i}a, D.},
  booktitle={IEEE Conf. on Robotics, Automation and Mechatronics},
  pages={1--7},
  year={2006},
}

@article{medicherla2007human,
  title={Human--robot interaction via voice-controllable intelligent user interface},
  author={Medicherla, H. and Sekmen, A.},
  journal={Robotica},
  volume={25},
  number={05},
  pages={521--527},
  year={2007},
  publisher={Cambridge Univ Press}
}

@inproceedings{hegel2009understanding,
  title={Understanding social robots},
  author={Hegel, F. and Muhl, C. and Wrede, B. and Hielscher-Fastabend, M. and Sagerer, G.},
  booktitle={2nd Intl. Conf. on Advances in Computer-Human Interactions (ACHI'09)},
  pages={169--174},
  year={2009},
}

@inproceedings{ragavan2008novel,
  title={A Novel Decentralised Software Process Approach For Realtime Navigation Of Service Robots},
  author={Ragavan, S. V. and Ganapathy, V.},
  booktitle={IEEE Conf. on Robotics, Automation and Mechatronics},
  pages={1056--1061},
  year={2008},
}
@article{ragavandecentralised,
  title={A Decentralised Software Process Approach For Real time Navigation of Service Robots},
  author={Ragavan, S. V. and Ganapathy, V.}
}
@inproceedings{maia2009requirements,
  title={Requirements and challenges for building service-oriented pervasive middleware},
  author={Maia, M. E. F. and Rocha, L. S. and Andrade, R.},
  booktitle={Proc. of the ACM Intl. Conf. on Pervasive Services},
  pages={93--102},
  year={2009},
}
@article{huhns2005service,
  title={Service-oriented computing: Key concepts and principles},
  author={Huhns, M. N. and Singh, M. P.},
  journal={IEEE Internet Computing},
  volume={9},
  number={1},
  pages={75--81},
  year={2005},
}

@inproceedings{schlenoff2012ieee,
       Author = {Schlenoff, C. and Prestes, E. and Madhavan, R. and Gon\c{c}alves, P. J. S. and Li, H. and Balakirsky, S. and Kramer, T. and Miguelanez, E.},
       Title = {An {IEEE} Standard Ontology for Robotics and Automation},
       Pages = {1337--1342},
       Booktitle = {Proc. of the 2012 IEEE/RSJ Intl. Conf. on Intelligent Robots and Systems,Vilamoura},
       year = {2012}}

@misc{ISO_FDIS8373,
	Note = {{\url{http://www.iso.org}}},
	Title = {{ ISO 8373:2012, Robots and Robotic Devices---Vocabulary}},
	Year = {2012}}

@misc{world_robotics_report,
	Note = {{\url{http://www.ifr.org/service-robots/}}},
	Title = {{Intl. Federation of Robotics, Service Robots, visited April 27}},
    Year = {2012}}

@misc{ieee_ras_tc_ser,
	Note = {{\url{http://www.service-robots.org/}}},
	Title = {{IEEE RAS Technical Committee on Service Robots, visited April 27}},
	Year = {2012}}

@incollection{Hallam_Bruyninckx_2006,
year={2006},
booktitle={European Robotics Symposium 2006},
volume={22},
series={Springer Tracts in Advanced Robotics},
editor={Christensen, H. I.},
publisher={Springer Berlin Heidelberg},
author={Hallam, J., and Bruyninckx, H.},
pages={1--14}
}

%RoboHow
@misc{RoboHow,
	Note = {{\url{http://robohow.eu/}}},
	Title = {{RoboHow, visited April 27}},
		Year = {2012}}
	
%RoboHow
@misc{WebProtege,
	Note = {{\url{http://protegewiki.stanford.edu/wiki/WebProtege}}},
	Title = {{WebProt{\'e}g{\'e}, visited April 27}},
	Year = {2012}}
	

@misc{mil2013,
	Note = {\url{http://www.army-technology.com/features/featuremilitary-exoskeletons-uncovered-ironman-suits-a-\\concrete-possibility}},
	Title = {{Military exoskeletons uncovered: Ironman suits a concrete possibility}},
    Year = {2013}
    }



@INPROCEEDINGS{HUANG:2003,
  author = {Huang, H. M. and Albus, J. and Messina, E.},
  title = {Toward a Generic Model for Autonomy Levels for Unmanned Systems ({ALFUS})},
  booktitle = {Proc. of the 2003 Performance Metrics for Intelligent Systems (PerMIS)
	Workshop},
  year = {2003},
  pages = {7--13},
  owner = {jlcarbonera},
  timestamp = {2012.11.26}
}

@article{Pransky:1996,
	Author = {Pransky, J.},
	Journal = {Intl. J. of Service Robot},
	Title = {Service robots- how should we define them ?},
	number={1},
	volume={2},
	pages={4-5},
	Year = {1996}}
	
@ARTICLE{Gruber1995,
  author = {Gruber, {T. R.}},
  title = {Toward principles for the design of ontologies used for knowledge
	sharing},
  journal = {J. of Human--Computer Studies},
  year = {1995},
  volume = {43},
  pages = {907--928},
  abstract = {{Recent work in Artificial Intelligence is exploring the use of formal
	ontologies as a way of specifying content-specific agreements for
	the sharing and reuse of knowledge among software entities. We take
	an engineering perspective on the development of such ontologies.
	Formal ontologies are viewed as designed artifacts, formulated for
	specific purposes and evaluated against objective design criteria.
	We describe the role of ontologies in supporting knowledge sharing
	activities, and then present a set of criteria to guide the development
	of ontologies for these purposes. We show how these criteria are
	applied in case studies from the design of ontologies for engineering
	mathematics and bibliographic data. Selected design decisions are
	discussed, and alternative representation choices and evaluated against
	the design criteria.}},
  keywords = {fhies},
  url = {http://citeseerx.ist.psu.edu/viewdoc/download?doi=10.1.1.91.6025&rep=rep1&type=pdf},
  urldate = {2012-12-03}
}


@article{flouris2008ontology,
  title={Ontology change: Classification and survey},
  author={Flouris, G. and Manakanatas, D. and Kondylakis, H. and Plexousakis, D.  and Antoniou, G.},
  journal={The Knowledge Engineering Review},
  volume={23},
  number={2},
  pages={117--152},
  year={2008},
  publisher={Cambridge University Press}
}



@MISC{noy2001ontology,
  author = {Noy, Natalya F and McGuinness, Deborah L and others},
  title = {Ontology development 101: A guide to creating your first
ontology},
  year = {2001},
  publisher = {Stanford knowledge systems laboratory technical report
KSL-01-05 and Stanford medical informatics technical report
SMI-2001-0880}
}

@ARTICLE{pidcock2003differences,
  author = {Pidcock, Woody},
  title = {What are the differences between a vocabulary, a taxonomy, a
thesaurus, an ontology, and a meta-model?},
   year={2004},
  journal = {Web Page URL: www.metamodel.com/article.php}
}

 @article{kalfoglou2003ontology,
   title={Ontology mapping: the state of the art},
   author={Kalfoglou, Y. and Schorlemmer, M.},
   journal={The knowledge engineering review},
   volume={18},
   number={1},
   pages={1--31},
   year={2003},
   publisher={Cambridge Univ Press}
 }
 
 @article{de2004d4,
   title={State-of-the-art-survey on ontology merging and aligning},
   author={de Bruijn, J. and Martin-Recuerda, F. and Manov, D. and Ehrig, M.},
   journal={SEKT Project deliverable D},
   volume={4},
   pages={2--11},
   year={2004}
 }
 
 @article{oberle2007dolce,
  title={DOLCE ergo SUMO: On foundational and domain models in the SmartWeb Integrated Ontology (SWIntO)},
  author={Oberle, Daniel and Ankolekar, Anupriya and Hitzler, Pascal and Cimiano, Philipp and Sintek, Michael and Kiesel, Malte and Mougouie, Babak and Baumann, Stephan and Vembu, Shankar and Romanelli, Massimo and others},
  journal={Web Semantics: Science, Services and Agents on the World Wide Web},
  volume={5},
  number={3},
  pages={156--174},
  year={2007},
  publisher={Elsevier}
}

@PHDTHESIS{Guizzardi2005,
  author = {Guizzardi, G},
  title = {{Ontological foundations for structural conceptual models}},
  school = {University of Twente},
  year = {2005},
  type = {{PhD} Thesis},
  address = {The Netherlands},
  keywords = {2005, 91c, model-theory, model-theory-group, ontologies}
}

@article{prestes2013towards,
  title={Towards a core ontology for robotics and automation},
  author={Prestes, Edson and Carbonera, Joel Luis and Rama Fiorini, Sandro and M. Jorge, Vitor A. and Abel, Mara and Madhavan, Raj and Locoro, Angela and Gon\c{c}alves, Paulo and E. Barreto, Marcos and Habib, Maki and Chibani, Abdelghani and G\'erard, S\'ebastien and Amirat, Yacine and Schlenoff, Craig},
  journal={Robotics and Autonomous Systems},
  volume={61},
  number={11},
  pages={1193--1204},
  year={2013},
  publisher={Elsevier}
}

@incollection{ye2007unified,
  title={A unified semantics space model},
  author={Ye, Juan and Coyle, Lorcan and Dobson, Simon and Nixon, Paddy},
  booktitle={Location-and context-awareness},
  pages={103--120},
  year={2007},
  publisher={Springer}
}

@BOOK{Morita2001Geometry,
  title = {Geometry of differential forms},
  publisher = {American Mathematical Society},
  year = {2001},
  author = {Morita, S.},
  number = {v. 201},
  series = {Translations of mathematical monographs},
  address = {Providence, {R.I}},
  isbn = {0821810456}
}

@inproceedings{carbonera2013defining,
  title={Defining positioning in a core ontology for robotics},
  author={Carbonera, Joel Luis and Fiorini, Sandro Rama and Prestes, Edson and Jorge, Vitor AM and Abel, Mara and Madhavan, Raj and Locoro, Angela and Goncalves, Paulo and Haidegger, Tam{\'a}s and Barreto, Marcos E and others},
  booktitle={Intelligent Robots and Systems (IROS), 2013 IEEE/RSJ International Conference on},
  pages={1867--1872},
  year={2013},
  organization={IEEE}
}

@article{Storga2010design,
author = {Å torga, Mario and Andreasen, Mogens   Myrup and MarjanoviÄ, Dorian},
title = {The design ontology: foundation for the design knowledge exchange and management},
journal = {Journal of Engineering Design},
volume = {21},
number = {4},
pages = {427-454},
year = {2010},
doi = {10.1080/09544820802322557}
}

@INPROCEEDINGS{SUMO,
  author = {Niles, Ian and Pease, Adam},
  title = {Towards a standard upper ontology},
  booktitle = {Proceedings of the international conference on Formal Ontology in
	Information Systems - Volume 2001},
  year = {2001},
  series = {{FOIS} '01},
  pages = {2â9},
  address = {New York, {NY}, {USA}},
  publisher = {{ACM}},
  doi = {10.1145/505168.505170},
  file = {ACM Full Text PDF:C:\Users\srfiorini\AppData\Roaming\Mozilla\Firefox\Profiles\cag90s3o.default\zotero\storage\DWKUTT84\Niles e Pease - 2001 - Towards a standard upper ontology.pdf:application/pdf},
  isbn = {1-58113-377-4},
  keywords = {knowledge interchange format, ontologies},
  url = {http://doi.acm.org/10.1145/505168.505170},
  urldate = {2012-12-03}
}

@ARTICLE{STUDER1998,
  author = {Studer, Rudi and Benjamins, V. Richard and Fensel, Dieter},
  title = {Knowledge Engineering: Principles and Methods},
  journal = {Data and Knowledge Engineering},
  year = {1998},
  volume = {25},
  pages = {161--197},
  number = {1-2},
  month = {March},
  added-at = {2008-09-29T18:25:59.000+0200},
  biburl = {http://www.bibsonomy.org/bibtex/2d1cb53b7790bc67c28c2a03f7e640383/mcdiaz},
  interhash = {33e4c4d50a02d9f20de9be914fc6c81c},
  intrahash = {d1cb53b7790bc67c28c2a03f7e640383},
  keywords = {imported},
  timestamp = {2008-09-29T18:25:59.000+0200},
  url = {http://dx.doi.org/10.1016/S0169-023X(97)00056-6}
}

@article{balakirsky2013knowledge,
  title={Knowledge driven robotics for kitting applications},
  author={Balakirsky, Stephen and Kootbally, Zeid and Kramer, Thomas and Pietromartire, Anthony and Schlenoff, Craig and Gupta, Satyandra},
  journal={Robotics and Autonomous Systems},
  volume={61},
  number={11},
  pages={1205--1214},
  year={2013},
  publisher={Elsevier}
}

@article{lim2011ontology,
  title={Ontology-based unified robot knowledge for service robots in indoor environments},
  author={Lim, Gi Hyun and Suh, Il Hong and Suh, Hyowon},
  journal={Systems, Man and Cybernetics, Part A: Systems and Humans, IEEE Transactions on},
  volume={41},
  number={3},
  pages={492--509},
  year={2011},
  publisher={IEEE}
}

@incollection{johnston2008ontology,
  title={Ontology based object categorization for robots},
  author={Johnston, Benjamin and Yang, Fangkai and Mendoza, Rogan and Chen, Xiaoping and Williams, Mary-Anne},
  booktitle={Practical Aspects of Knowledge Management},
  pages={219--231},
  year={2008},
  publisher={Springer}
}

@inproceedings{modayil2007autonomous,
  title={Autonomous development of a grounded object ontology by a learning robot},
  author={Modayil, Joseph and Kuipers, Benjamin},
  booktitle={Proceedings of the national conference on Artificial intelligence},
  volume={22},
  number={2},
  pages={1095},
  year={2007},
  organization={Menlo Park, CA; Cambridge, MA; London; AAAI Press; MIT Press; 1999}
}

@inproceedings{suh2007ontology,
  title={Ontology-based multi-layered robot knowledge framework (OMRKF) for robot intelligence},
  author={Suh, Il Hong and Lim, Gi Hyun and Hwang, Wonil and Suh, Hyowon and Choi, Jung-Hwa and Park, Young-Tack},
  booktitle={Intelligent Robots and Systems, 2007. IROS 2007. IEEE/RSJ International Conference on},
  pages={429--436},
  year={2007},
  organization={IEEE}
}

@article{galindo2008robot,
  title={Robot task planning using semantic maps},
  author={Galindo, Cipriano and Fern{\'a}ndez-Madrigal, Juan-Antonio and Gonz{\'a}lez, Javier and Saffiotti, Alessandro},
  journal={Robotics and Autonomous Systems},
  volume={56},
  number={11},
  pages={955--966},
  year={2008},
  publisher={Elsevier}
}

@inproceedings{belouaer2010ontology,
  title={Ontology based spatial planning for human-robot interaction},
  author={Belouaer, Lamia and Bouzid, Maroua and Mouaddib, A},
  booktitle={Temporal Representation and Reasoning (TIME), 2010 17th International Symposium on},
  pages={103--110},
  year={2010},
  organization={IEEE}
}

@article{provine2004ontology,
  title={Ontology-based methods for enhancing autonomous vehicle path planning},
  author={Provine, Ron and Schlenoff, Craig and Balakirsky, Stephen and Smith, Scott and Uschold, Mike},
  journal={Robotics and Autonomous Systems},
  volume={49},
  number={1},
  pages={123--133},
  year={2004},
  publisher={Elsevier}
}

@incollection{bateman2005modelling,
  title={Modelling models of robot navigation using formal spatial ontology},
  author={Bateman, John and Farrar, Scott},
  booktitle={Spatial Cognition IV. Reasoning, Action, Interaction},
  pages={366--389},
  year={2005},
  publisher={Springer}
}

@techreport{huang2003toward,
  title={Toward a generic model for autonomy levels for unmanned systems (ALFUS)},
  author={Huang, Hui-Min and Messina, Elena and Albus, James},
  year={2003},
  institution={DTIC Document}
}




