@InProceedings{NANNIKAR.ICTBM.2012,
 author = {A. A. Nannikar and D. N. Raut and R. M. Chanmanwar and S. B. Kamble and D. B. Patil},
 title = {FMEA for Manufacturing and Assembly Process},
 booktitle = {International Conference on Technology and Business Management},
 year = {2012},
 series = {ICTBM-12},
 address = {Dubai},
 month = {26--28 March},
}

@Manual{SEMATECH.2002,
 title = {{Failure Mode and Effects Analysis (FMEA): A Guide for Continuous Improvement for the Semiconductor Equipment Industry}},
 key = {92020963B-ENG},
 author = {M. Villacourt},
 organization = {SEMATECH, Inc.},
 edition = {},
 month = {15 October},
 year = {2002},
}


@techreport{TREAT.REPORT1979,
    Author = {J. R. Treat and N. S. Tumbas and S. T. McDonald and D. Shinar and R. D. Hume and R. E. Mayer and R. L. Stanisfer and N. J. Castellan},
    Date-Added = {2008-09-01 22:53:46 -0400},
    Date-Modified = {2008-09-01 22:56:34 -0400},
    Institution = {Federal Highway Administration, U.S. DOT},
    Month = {May},
    Title = {{Tri-level Study of the Causes of Traffic Accidents: Final Report Volume 1}},
    Type = {Final},
    Year = {1979}}

@misc{FHWA,
    Author = {H. Lum and J. A. Reagan },
    Date-Added = {2008-09-01 22:37:21 -0400},
    Date-Modified = {2008-09-01 22:47:50 -0400},
    Howpublished = {http://www.tfhrc.gov/pubrds/winter95/p95wi14.htm},
    Title = {{Interactive Highway Safety Design Model: Accident Predictive Module}}}


@TECHREPORT{NHTSA.REPORT2007,
  AUTHOR =       {NHTSA},
  TITLE =        {{Traffic Safety Facts 2006: A Compilation of Motor Vehicle Crash Data from the
Fatality Analysis Reporting System and the General Estimates System}},
  INSTITUTION =  {U.S. Department of Transportation},
  YEAR =         {2007},
  number =       {DOT HS 810 818},
  address =      {National Center for Statistics and Analysis, U.S. Department of Transportation, Washington, DC 20590},
  month =        {September},
}




@inproceedings{PARUCHURI.MAS2002,
    Address = {Bologna, Italy },
    Author = {P. Paruchuri and A. R. Pullalarevu and K. Karlapalem},
    Booktitle = {Proceedings of the 1$^{st}$ International Joint Conference on Autonomous Agents and Multiagent Systems: Part 1},
    Date-Added = {2008-09-01 01:51:31 -0400},
    Date-Modified = {2008-09-01 01:56:45 -0400},
    Pages = {176--183},
    Publisher = {ACM},
    Title = {{Multi Agent Simulation of Unorganized Traffic}},
    Year = {2002}}

@book{UNREAL,
    Author = {J. Busby and Z. Parrish and J. VanEenwyk},
    Date-Added = {2008-09-01 00:38:08 -0400},
    Date-Modified = {2008-09-01 00:40:14 -0400},
    Month = {December},
    Publisher = {Sams},
    Title = {{Mastering Unreal Technology: The Art of Level Design}},
    Year = {2004}}

@manual{BALAKIRSKY.MOAST2006,
    Author = {S. Balakirsky},
    Date-Added = {2008-09-01 00:26:38 -0400},
    Date-Modified = {2008-09-01 00:28:19 -0400},
    Organization = {National Institute of Standards and Technology},
    Title = {{MOAST: Mobility Open Architecture Simulation and Tools Reference Manual}},
    Year = {2006}}

@techreport{ALGERS.TECHREP1997,
    Address = {Leeds, UK},
    Author = {S. Algers and E. Bernauer and M. Boero and L. Breheret and C. Di Taranto and M. Dougherty and K. Fox and J.-F. Gabard},
    Date-Added = {2008-09-01 00:09:11 -0400},
    Date-Modified = {2008-09-01 00:14:27 -0400},
    Institution = {SMARTEST Deliverable D3, Institute for Transportation Studies, University of Leeds},
    Keywords = {Simulation},
    Month = {August},
    Number = {SMARTEST/D3},
    Title = {{Review of Micro--Simulation Models}},
    Year = {1997}}

@article{SHIHABI.TRR2003,
    Author = {T. Al--Shihabi and R. R. Mourant},
    Date-Added = {2008-08-31 23:31:39 -0400},
    Date-Modified = {2008-08-31 23:41:19 -0400},
    Journal = {Transportation Research Record },
    Keywords = {Simulation},
    Pages = {41--49},
    Title = {{Toward More Realistic Driving Behavior Models for Autonomous Vehicles in Driving Simulators}},
    Volume = {1843},
    Year = {2003}}

@phdthesis{SUKTHANKAR.PHD1997,
    Author = {R. Sukthankar},
    Date-Added = {2008-08-31 13:25:27 -0400},
    Date-Modified = {2008-08-31 20:51:19 -0400},
    Keywords = {Simulation},
    School = {Robotics Institute, Carnegie Mellon University},
    Title = {{Situation Awareness for Tactical Driving}},
    Year = {1997}}

@inproceedings{SCHULZE.WSC1997,
    Author = {T. Schulze and T. Fliess},
    Booktitle = {Proceedings of the 29$^{th}$ Conference on Winter Simulation},
    Date-Added = {2008-08-31 13:16:15 -0400},
    Date-Modified = {2008-08-31 13:18:17 -0400},
    Keywords = {Simulation},
    Pages = {1222--1229},
    Title = {{Urban Traffic Simulation With Psycho-physical Vehicle--following Models}},
    Year = {1997}}

@inproceedings{OWEN.WSC2000,
    Author = {L. E. Owen and Z. Yunlong and L. Rao and G. McHale},
    Booktitle = {Proceedings of the 32$^{nd}$ conference on Winter simulation,},
    Date-Added = {2008-08-31 13:11:27 -0400},
    Date-Modified = {2008-08-31 13:15:27 -0400},
    Keywords = {Simulation},
    Pages = {1143--1147},
    Title = {{Street and Traffic Simulation: Traffic Flow Simulation using CORSIM}},
    Volume = {2},
    Year = {2000}}

@techreport{BOXILL.REP2000,
    Author = {S. A. Boxill and L. Yu},
    Date-Added = {2008-08-31 13:08:30 -0400},
    Date-Modified = {2008-08-31 13:10:46 -0400},
    Institution = {Center for Transportation Training and Research Texas Southern University},
    Keywords = {Simulation},
    Month = {October},
    Title = {{An Evaluation of Traffic Simulation Models for Supporting ITS Development}},
    Year = {2000}}

@book{FERBER.BOOK1999,
    Author = {J. Ferber},
    Date-Added = {2008-08-31 12:55:44 -0400},
    Date-Modified = {2008-08-31 12:56:50 -0400},
    Keywords = {Simulation},
    Publisher = {Harlow: Addison Wesley Longman},
    Title = {{Multi--Agent System: An Introduction to Distributed Artificial Intelligence}},
    Year = {1999}}

@manual{APAS1995,
    Author = {APAS},
    Date-Added = {2008-08-31 12:50:56 -0400},
    Date-Modified = {2008-08-31 12:52:54 -0400},
    Keywords = {Simulation},
    Month = {April},
    Organization = {European Commission Directorate General for Transport},
    Title = {{APAS Roads 2: Assessment of Road Transport Models and System Architecture}},
    Year = {1995}}

@inproceedings{EHLERT.ESM2001,
    Address = {Prague, Czech Republic},
    Author = {P. A. M. Ehlert and L. J. M. Rothkrantz },
    Booktitle = { Proceedings of the 15$^{th}$ European Simulation Multiconference (ESM2001)},
    Date-Added = {2008-08-31 12:45:15 -0400},
    Date-Modified = {2008-08-31 12:49:53 -0400},
    Editor = {E. J. H. Kerckhoffs and M. Snorek},
    Keywords = {Simulation},
    Month = {June},
    Pages = {943--949},
    Publisher = {SCS Publishing house},
    Title = {{A R eactive Driving Agent for Microscopic Traffic Simulation}},
    Year = {2001}}

@inproceedings{CHAMPION.DSC1999,
    Author = {A. Champion and A. Heidet and A. Kemeny},
    Booktitle = {Proceedings of DSC'99 Driving Simulation Conference},
    Date-Added = {2008-08-30 23:58:49 -0400},
    Date-Modified = {2008-09-01 12:34:14 -0400},
    Pages = {311--324},
    Title = {{Traffic Generation with the SCANeR\copyright~II Simulator: Towards a Multi--agent Architecture}},
    Year = {1999}}

@inbook{LAUE.BOOK2005,
    Author = {T. Laue and T. R\"{o}fer},
    Chapter = {{A Behavior Architecture for Autonomous Mobile Robots Based on Potential Fields}},
    Month = {March},
    Pages = {122--133},
    Publisher = {Springer Berlin/Heidelberg},
    Title = {{RoboCup 2004: Robot Soccer World Cup VIII}},
    Volume = {3276},
    Year = {2005}}

@inproceedings{NICOLESCU.IJCAAMS2002,
    Address = {Bologna, Italy},
    Author = {M. N. Nicolescu and M. J. Matari\'{c}},
    Booktitle = {AAMAS '02: Proceedings of the 1$^{st}$ International Joint Conference on Autonomous Agents and Multiagent Systems},
    Month = {July 15--19},
    Pages = {227--233},
    Publisher = {ACM},
    Title = {{A Hierarchical Architecture for Behavior--Based Robots}},
    Year = {2002}}

@inproceedings{NILSSON.JCAI69,
    Address = {Washington, D.C.},
    Author = {N. J. Nilsson},
    Booktitle = {Proceedings of the 1$^{st}$ International Joint Conference on Artificial Intelligence},
    Pages = {509--520},
    Title = {{A Mobile Automation: An Application of Artificial Intelligence Techniques}},
    Year = {1969}}

@conference{BROOKS.IJCAI1983,
    Address = {Karlsruhe, Germany},
    Author = {R. A. Brooks and T. Lozano--P{\'e}rez},
    Booktitle = {Proceedings of the 8$^{th}$ International Joint Conference on Artificial Intelligence},
    Month = {August},
    Pages = {799--806},
    Title = {{A Subdivision Algorithm in Configuration Space for Findpath with Rotation}},
    Volume = {2},
    Year = {1983}}

@inproceedings{KROGH.ICRA86,
    Address = {San Francisco, CA, USA},
    Author = {B. H. Krogh and C. E. Thorpe},
    Booktitle = {Proceedings of the 1986 IEEE International Conference on Robotics and Automation (ICRA)},
    Month = {April},
    Pages = {1664--1669},
    Title = {{Integrated Path Planning and Dynamic Steering Control for Autonomous Vehicles}},
    Volume = {3},
    Year = {1986}}

@inproceedings{AVNAIM.ICRA1988,
    Address = {Philadelphia, PA, USA},
    Author = {F. Avnaim and J. Boissonnat and B. Faverjon},
    Booktitle = {Proceedings of the 1988 IEEE International Conference on Robotics and Automation (ICRA)},
    Date-Modified = {2008-09-01 00:19:54 -0400},
    Keywords = {ICRA},
    Month = {April 24--29},
    Pages = {1656--1661},
    Title = {{A Practical Exact Motion Planning Algorithm for Polygonal Objects Amidst Polygonal Obstacles}},
    Volume = {3},
    Year = {1988}}

@conference{BORENSTEIN.ICRA1990,
    Address = {Cincinnati, OH, USA},
    Author = {J. Borenstein and Y. Koren},
    Booktitle = {Proceedings of the 1990 IEEE International Conference on Robotics and Automation (ICRA)},
    Date-Modified = {2008-09-01 00:20:33 -0400},
    Keywords = {ICRA},
    Month = {May 13--18},
    Pages = {572--577},
    Title = {{Real--Time Obstacle Avoidance for Fast Mobile Robots}},
    Volume = {1},
    Year = {1990}}

@inproceedings{TILOVE.ICRA1990,
    Address = {Cincinnati, OH, USA},
    Author = {R. B. Tilove},
    Booktitle = {Proceedings of the 1990 IEEE International Conference on Robotics and Automation (ICRA)},
    Month = {May 13--18},
    Pages = {566--571},
    Title = {{Local Obstacle Avoidance for Mobile Robots Based on The Method of Artificial Potentials}},
    Volume = {1},
    Year = {1990}}

@inproceedings{ZHU.ICRA1990,
    Address = {Cincinnati, OH, USA},
    Author = {D. Zhu and J.-C. Latombe},
    Booktitle = {Proceedings of the 1990 IEEE International Conference on Robotics and Automation (ICRA)},
    Month = {May 13--18},
    Pages = {1918--1923},
    Title = {{Constraint Reformulation and Graph Searching Techniques in Hierarchical Path Planning}},
    Volume = {3},
    Year = {1990}}

@inproceedings{SANKARANARAYANAN.ICRA1990,
    Address = {Cincinnati, OH, USA},
    Author = {A. Sankaranarayanan and M. Vidyasagar},
    Booktitle = {Proceedings of the 1990 IEEE International Conference on Robotics and Automation (ICRA)},
    Month = {May 13--18},
    Pages = {1930--1936},
    Title = {{A New Path Planning Algorithm for Moving a Point Object Amidst Unknown Obstacles in a Plane}},
    Volume = {3},
    Year = {1990}}

@inproceedings{CANNY.ICRA1990,
    Address = {Cincinnati, OH, USA},
    Author = {J. F. Canny and M. C. Lin},
    Booktitle = {Proceedings of the 1990 IEEE International Conference on Robotics and Automation (ICRA)},
    Month = {May 13--18},
    Pages = {1554--1559},
    Title = {{An Opportunistic Global Path Planner}},
    Volume = {3},
    Year = {1990}}

@conference{KOREN.ICRA1991,
    Address = {Sacramento, CA, USA},
    Author = {Y. Koren and J. Borenstein},
    Booktitle = {Proceedings of the 1991 IEEE International Conference on Robotics and Automation (ICRA)},
    Month = {April 9--11},
    Pages = {1398--1404},
    Title = {{Potential Field Methods and Their Inherent Limitations for Mobile Robot Navigation}},
    Volume = {2},
    Year = {1991}}

@inproceedings{FRAICHARD.ICRA1991,
    Address = {Sacramento, CA, USA},
    Author = {T. Fraichard and C. Laugier},
    Booktitle = {Proceedings of the 1991 IEEE International Conference on Robotics and Automation (ICRA)},
    Month = {April 9--11},
    Pages = {432--437},
    Title = {{On Line Reactive Planning for a non Holonomic Mobile in a Dynamic World}},
    Volume = {1},
    Year = {1991}}

@inproceedings{CONNELL.ICRA1992,
    Address = {Nice, France},
    Author = {J. Connell},
    Booktitle = {Proceedings of the 1992 IEEE International Conference on Robotics and Automation (ICRA)},
    Month = {May 12--14},
    Pages = {2719--2724},
    Title = {{SSS: A Hybrid Architecture Applied to Robot Navigation}},
    Volume = {3},
    Year = {1992}}

@inproceedings{STENTZ.ICRA94,
    Address = {San Diego, CA, USA},
    Author = {A. Stentz},
    Booktitle = {Proceedings of the 1994 IEEE International Conference on Robotics and Automation (ICRA)},
    Month = {8--13 May},
    Pages = {3310--3317},
    Title = {{Optimal and Efficient Path Planning for Partially--Known Environments}},
    Volume = {4},
    Year = {1994}}

@inproceedings{FEITEN.ICRA94,
    Address = {San Diego, CA, USA},
    Author = {W. Feiten and R. Bauer and G. Lawitzky},
    Booktitle = {Proceedings of the 1994 IEEE International Conference on Robotics and Automation (ICRA)},
    Month = {8--13 May},
    Pages = {2412--2417},
    Title = {{Robust Obstacle Avoidance in Unknown and Cramped Environments}},
    Volume = {3},
    Year = {1994}}

@inproceedings{SIMMONS.ICRA96,
    Address = {Minneapolis, MN, USA},
    Author = {R. Simmons},
    Booktitle = {Proceedings of the 1996 IEEE International Conference on Robotics and Automation (ICRA)},
    Month = {22--28 April},
    Pages = {3375--3382},
    Title = {{The Curvature--Velocity Method for Local Obstacle Avoidance}},
    Volume = {4},
    Year = {1996}}

@conference{ULRICH.ICRA1998,
    Address = {Leuven, Belgium},
    Author = {I. Ulrich and J. Borenstein},
    Booktitle = {Proceedings of the 1998 IEEE International Conference on Robotics and Automation (ICRA)},
    Month = {May 16--20},
    Pages = {1572--1577},
    Title = {{VFH+: Reliable Obstacle Avoidance for Fast Mobile Robots}},
    Volume = {2},
    Year = {1998}}

@inproceedings{FOX.ICRA1998,
    Address = {Leuven, Belgium},
    Author = {D. Fox and W. Burgard and S. Thrun and A. B. Cremers},
    Booktitle = {Proceedings of the 1998 IEEE International Conference on Robotics and Automation (ICRA)},
    Month = {16--20 May},
    Pages = {1238--1243},
    Title = {{A Hybrid Collision Avoidance Method for Mobile Robots}},
    Volume = {2},
    Year = {1998}}

@inproceedings{HADDAD.ICRA1998,
    Address = {Leuven, Belgium},
    Author = {H. Haddad and M. Khatib and S. Lacroix and R. Chatila},
    Booktitle = {Proceedings of the 1998 IEEE International Conference on Robotics and Automation (ICRA)},
    Month = {May 16--20},
    Pages = {1232--1237},
    Title = {{Reactive Navigation in Outdoor Environments Using Potential Fields}},
    Volume = {2},
    Year = {1998}}

@inproceedings{FUJII.ICRA1998,
    Address = {Leuven, Belgium},
    Author = {T. Fujii and Y. Arai and H. Asama and I. Endo},
    Booktitle = {Proceedings of the 1998 IEEE International Conference on Robotics and Automation (ICRA)},
    Month = {May 16--20},
    Pages = {2186--2191},
    Title = {{Multilayered Reinforcement Learning for Complicated Collision Avoidance Problems}},
    Volume = {3},
    Year = {1998}}

@inproceedings{BROCK.ICRA1999,
    Address = {Detroit, MI, USA},
    Author = {O. Brock and O. Khatib},
    Booktitle = {Proceedings of the 1999 IEEE International Conference on Robotics and Automation (ICRA)},
    Month = {10--15 May},
    Pages = {341--346},
    Title = {{High--Speed Navigation Using The Dynamic Window Approach}},
    Volume = {1},
    Year = {1999}}

@inproceedings{SERAJI.ICRA1999,
    Address = {Detroit, MI, USA},
    Author = {H. Seraji},
    Booktitle = {Proceedings of the 1999 IEEE International Conference on Robotics and Automation (ICRA)},
    Month = {May 10--15},
    Pages = {2006--2013},
    Title = {{Traversability Index: A New Concept for Planetary Rovers}},
    Volume = {3},
    Year = {1999}}

@inproceedings{SEKI.ICRA2000,
    Address = {San Francisco, CA, USA},
    Author = {H. Seki and S. Kobayashi and Y. Kamiya and M. Hikizu and H. Nomura},
    Booktitle = {Proceedings of the 2000 IEEE International Conference on Robotics and Automation (ICRA)},
    Month = {April 24--28},
    Pages = {1366--1371},
    Title = {{Autonomous/Semi--Autonomous Navigation System of a Wheelchair by Active Ultrasonic Beacons}},
    Volume = {2},
    Year = {2000}}

@inproceedings{ULRICH.ICRA2000,
    Address = {San Francisco, CA, USA},
    Author = {I. Ulrich and J. Borenstein},
    Booktitle = {Proceedings of the 2000 IEEE International Conference on Robotics and Automation (ICRA)},
    Month = {April 24--28},
    Pages = {2505--2511},
    Title = {{VFH*: Local Obstacle Avoidance with Look--Ahead Verification}},
    Volume = {1},
    Year = {2000}}

@inproceedings{KUFFNER.ICRA2000,
    Address = {San Francisco, CA, USA},
    Author = {J. J. Kuffner and S. M. LaValle},
    Booktitle = {Proceedings of the 2000 IEEE International Conference on Robotics and Automation (ICRA)},
    Month = {April 24--28},
    Pages = {995--1001},
    Title = {{RRT--Connect: An Efficient Approach to Single--Query Path Planning}},
    Volume = {2},
    Year = {2000}}

@inproceedings{SINGH.ICRA2000,
    Address = {San Francisco, CA, USA},
    Author = {S. Singh and R. Simmons and T. Smith and A. Stentz and V. Verma and A. Yahja and K. Schwehr},
    Booktitle = {Proceedings of the 2000 IEEE International Conference on Robotics and Automation (ICRA)},
    Month = {April 24--28},
    Pages = {1194--1200},
    Title = {{Recent Progress in Local and Global Traversability for Planetary Rovers}},
    Volume = {2},
    Year = {2000}}

@inproceedings{LI.ICRA2001,
    Address = {Seoul, Korea},
    Author = {T.-Y. Li and C.-C. Chang},
    Booktitle = {Proceedings of the 2001 IEEE International Conference on Robotics and Automation (ICRA)},
    Month = {May 21--26},
    Pages = {1934--1939},
    Title = {{Path Planning with Incremental Roadmap Update for Large Environments}},
    Volume = {2},
    Year = {2001}}

@inproceedings{DOITSIDIS.ICRA2002,
    Address = {Washington, DC, USA},
    Author = {L. Doitsidis and K. P. Valavanis and N. C. Tsourveloudis},
    Booktitle = {Proceedings of the 2002 IEEE International Conference on Robotics and Automation (ICRA)},
    Month = {May 11--15},
    Pages = {2171--2177},
    Title = {{Fuzzy Logic Based Autonomous Skid Steering Vehicle Navigation}},
    Volume = {2},
    Year = {2002}}

@inproceedings{FULGENZI.ICRA2007,
    Address = {Roma, Italy},
    Author = {C. Fulgenzi and A. Spalanzani and C. Laugier},
    Booktitle = {Proceedings of the 2007 IEEE International Conference on Robotics and Automation (ICRA)},
    Month = {April 10--14},
    Pages = {1610--1616},
    Title = {{Dynamic Obstacle Avoidance in Uncertain Environment Combining PVOs and Occupancy Grid}},
    Volume = {1},
    Year = {2007}}

@inproceedings{CARPIN.ICRA2007,
    Address = {Roma, Italy},
    Author = {S. Carpin and M. Lewis and J. Wang and S. Balakirsky and C. Scrapper},
    Booktitle = {Proceedings of the 2007 IEEE International Conference on Robotics and Automation (ICRA)},
    Month = {April 10--14},
    Pages = {1400--1405},
    Title = {{USARSim: a Robot Simulator for Research and Education}},
    Year = {2007}}

@inproceedings{JANET.IROS1995,
    Address = {Pittsburg, PA, USA},
    Author = {J. A. Janet and R. Gutierrez--Osuna and T. A. Chase and M. White and R. C. Luo},
    Booktitle = {Proceedings of the 1995 IEEE/RSJ International Conference on Intelligent Robots and Systems (IROS)},
    Month = {5--9 August},
    Pages = {504--509},
    Title = {{Global Self--Localization for Autonomous Mobile Robots Using Self-organizing Kohonen Neural Networks}},
    Volume = {3},
    Year = {1995}}

@inproceedings{MORA.IROS1998,
    Address = {Victoria, BC, Canada},
    Author = {T. E. Mora and E. N. S\'{a}nchez},
    Booktitle = {Proceedings of the 1998 IEEE/RSJ International Conference on Intelligent Robots and Systems (IROS)},
    Month = {October 13--17},
    Pages = {612--617},
    Title = {{Fuzzy Logic--Based Real--Time Navigation Controller for a Mobile Robot}},
    Volume = {1},
    Year = {1998}}

@inproceedings{NOBORIO.IROS2000,
    Address = {Takamatsu, Japan},
    Author = {H. Noborio and K. Fujimura and Y. Horiuchi},
    Booktitle = {Proceedings of the 2000 IEEE/RSJ International Conference on Intelligent Robots and Systems (IROS)},
    Month = {October--November},
    Pages = {909--916},
    Title = {{A Comparative Study of Sensor--Based Path--Planning Algorithms in an Unknown Maze}},
    Volume = {2},
    Year = {2000}}

@inproceedings{NAGATANI.IROS2001,
    Address = {Maui, HI, USA},
    Author = {K. Nagatani and Y. Iwai and Y. Tanaka},
    Booktitle = {Proceedings of the 2001 IEEE/RSJ International Conference on Intelligent Robots and Systems (IROS)},
    Month = {October--November},
    Pages = {1017--1022},
    Title = {{Sensor Based Navigation for Car--Like Mobile Robots using Generalized Voronoi Graph}},
    Volume = {2},
    Year = {2001}}

@article{KAMON.IJRR1998,
    Author = {I. Kamon and E. Rimon and E. Rivlin},
    Journal = {The International Journal of Robotics Research},
    Month = {September},
    Number = {9},
    Pages = {934--953},
    Title = {{TangentBug: A Range--Sensor--Based Navigation Algorithm}},
    Volume = {17},
    Year = {1998}}

@inproceedings{THOMAS.IROS2003,
    Address = {Las Vegas, NV, USA},
    Author = {J. Thomas and A. Blair and N. Barnes},
    Booktitle = {Proceedings of the 2003 IEEE/RSJ International Conference on Intelligent Robots and Systems (IROS)},
    Month = {October 27--31},
    Pages = {2291--2296},
    Title = {{Towards an Efficient Optimal Trajectory Planner for Multiple Mobile Robots}},
    Volume = {3},
    Year = {2003}}

@inproceedings{HUANG.IROS2003,
    Address = {Las Vegas, NV, USA},
    Author = {H.-M. Huang and J. Albus and J. Kotora and R. Liu},
    Booktitle = {Proceedings of the 2003 IEEE/RSJ International Conference on Intelligent Robots and Systems (IROS)},
    Month = {October 27--31},
    Pages = {2415--2420},
    Title = {{Robotic Architecture Standards Framework in the Defense Domain with Illustrations using the NIST 4D/RCS Reference Architecture}},
    Volume = {3},
    Year = {2003}}

@inproceedings{KIM.IROS2003,
    Address = {Las Vegas, NV, USA},
    Author = {H.-H. Kim and Y.-S. Ha and G.-G. Jin},
    Booktitle = {Proceedings of the IEEE International Conference on Intelligent Robots and Systems (IROS)},
    Month = {October 27--31},
    Pages = {711--716},
    Title = {{A Study on the Environmental Map Building for a Mobile Robot Using Infrared Ranger--Finder Sensors}},
    Volume = {1},
    Year = {2003}}

@inproceedings{VASQUEZ.IROS2004,
    Address = {Sendai, Japan},
    Author = {D. Vasquez and F. Large and T. Fraichard and C. Laugier},
    Booktitle = {Proceedings of the 2003 IEEE/RSJ International Conference on Intelligent Robots and Systems (IROS)},
    Month = {28 September--2 October},
    Pages = {82--87},
    Title = {{High--Speed Autonomous Navigation with Motion Prediction for Unknown Moving Obstacles}},
    Volume = {1},
    Year = {2004}}

@inproceedings{BERG.IROS2004,
    Address = {Sendai, Japan},
    Author = {J. P. van den Berg and M. H. Overmars},
    Booktitle = {Proceedings of the 2004 IEEE/RSJ International Conference on Intelligent Robots and Systems (IROS)},
    Date-Modified = {2008-09-01 00:20:18 -0400},
    Keywords = {IROS},
    Month = {September--October},
    Pages = {1598--1605},
    Title = {{Roadmap--Based Motion Planning in Dynamic Environments}},
    Volume = {2},
    Year = {2004}}

@inproceedings{OWEN.IROS2005,
    Address = {Edmonton, Alberta, Canada},
    Author = {E. Owen and L. Montano},
    Booktitle = {Proceedings of the 2005 IEEE/RSJ International Conference on Intelligent Robots and Systems (IROS)},
    Month = {2--6 August},
    Pages = {997--1002},
    Title = {{Motion Planning in Dynamic Environments Using The Velocity Space}},
    Year = {2005}}

@inproceedings{GAUDIANO.CIRA1997,
    Author = {P. Gaudiano and C. Chang},
    Booktitle = {Proceedings of the IEEE International Symposium on Computational Intelligence in Robotics and Automation},
    Month = {10--11 July},
    Pages = {13--18},
    Title = {{Adaptive Obstacle Avoidance with a Neural Network for Operant Conditioning: Experiments with Real Robots}},
    Year = {1997}}

@article{SCHWARTZ.CPAM1982,
    Author = {J. Schwartz and M. Sharir},
    Journal = {Communications On Pure And Applied Mathematics},
    Month = {September},
    Number = {3},
    Pages = {345--398},
    Title = {{``On The Piano Movers''' Problem I. The Case If A Two--Dimensional Rigid Polygonal Body Moving Amidst Polygonal Barriers}},
    Volume = {36},
    Year = {1982}}

@article{NICKERSON.RAS1998,
    Author = {S. B. Nickerson and P. Jasiobedzki and D. Wilkes and M. Jenkin and E. Milios and J. Tsotsos and A. Jepson and O. N. Bains},
    Journal = {Journal of Robotics and Autonomous Systems},
    Month = {October},
    Number = {1--2},
    Pages = {83--104},
    Title = {{The {ARK} Project: Autonomous Mobile Robots for Known Industrial Environments}},
    Volume = {25},
    Year = {1998}}

@article{YAHJA.RAS2000,
    Author = {A. Yahja and S. Singh and A. Stentz},
    Journal = {Journal of Robotics and Autonomous Systems},
    Month = {August},
    Number = {2--3},
    Pages = {129--143},
    Title = {{An Efficient On--Line Path Planner for Outdoor Mobile Robots}},
    Volume = {32},
    Year = {2000}}

@article{NOBORIO.JRS1990,
    Author = {H. Noborio and T. Naniwa and S. Arimoto},
    Journal = {Journal of Robotic Systems},
    Month = {March},
    Number = {4},
    Pages = {555--574},
    Title = {{A Quadtree--Based Path--Planning Algorithm for a Mobile Robot}},
    Volume = {7},
    Year = {1990}}

@inbook{SAMET.INBOOK1988,
    Address = {Berlin},
    Author = {H. Samet},
    Chapter = {{An Overview of Quadtrees, Octrees and Related Hierarchical Data Structures}},
    Edition = {{Earnshaw}},
    Pages = {51--68},
    Publisher = {Springer--Verlag},
    Series = {NATO ASI},
    Title = {{Theoretical Foundations Of Computer Graphics And CAD}},
    Volume = {F40},
    Year = {1988}}

@inbook{SAFFIOTTI.BOOK1997,
    Author = {A. Saffiotti},
    Chapter = {Fuzzy Logic in Autonomous Robot Navigation: a case study},
    Editor = {E. Ruspini and P. Bonissone and W. Pedrycz},
    Month = {October},
    Publisher = {Taylor and Francis},
    Title = {{Handbook of Fuzzy Computation}},
    Year = {1998}}

@book{DRIANKOV.BOOK.2001,
    Author = {D. Driankov and A. Saffiotti},
    Isbn = {ISBN 3-7908-1341-9},
    Publisher = {Springer-Phisica Verlag},
    Series = {Studies in Fuzziness and Soft Computing},
    Title = {{Fuzzy Logic Techniques for Autonomous Vehicle Navigation}},
    Year = {2001}}

@article{SAFFIOTTI.SCJ97,
    Author = {A. Saffiotti},
    Journal = {Soft Computing},
    Number = {4},
    Pages = {180--197},
    Title = {{The Uses of Fuzzy Logic in Autonomous Robot Navigation}},
    Volume = {1},
    Year = {1997}}

@article{OGREN.TRA2005,
    Author = {P. Ogren and N. E. Leonard},
    Journal = {Journal of the IEEE Transactions on Robotics and Automation},
    Number = {2},
    Pages = {188--195},
    Title = {{A Convergent Dynamic Window Approach to Obstacle Avoidance}},
    Volume = {21},
    Year = {2005}}

@article{MINGUEZ.TRA04,
    Author = {J. Minguez and L. Montano},
    Journal = {Journal of the IEEE Transactions on Robotics and Automation},
    Month = {February},
    Number = {1},
    Pages = {45--49},
    Title = {{Nearness Diagram (ND) Navigation: Collision Avoidance in Troublesome Scenarios}},
    Volume = {20},
    Year = {2004}}

@article{BORENSTEIN.TRA1991,
    Author = {J. Borenstein and Y. Koren},
    Journal = {Journal of the IEEE Transactions on Robotics and Automation},
    Number = {3},
    Pages = {278--288},
    Title = {{The Vector Field Histogram -- Fast Obstacle Avoidance for Mobile Robots}},
    Volume = {7},
    Year = {1991}}

@article{FUJIMURA.TRA1995,
    Author = {K. Fujimura},
    Journal = {Journal of the IEEE Transactions on Robotics and Automation},
    Number = {3},
    Pages = {343--351},
    Title = {{Time--Minimum Routes in Time--Dependent Networks}},
    Volume = {11},
    Year = {1995}}

@article{FUJIMURA.TRA1989,
    Author = {K. Fujimura and H. Samet},
    Journal = {Journal of the IEEE Transactions on Robotics and Automation},
    Number = {1},
    Pages = {61--69},
    Title = {{A Hierarchical Strategy for Path Planning Among Moving Obstacles}},
    Volume = {5},
    Year = {1989}}

@article{GRISWOLD.TRA1990,
    Author = {N. C. Griswold and J. Eem},
    Journal = {Journal of the IEEE Transactions on Robotics and Automation},
    Number = {2},
    Pages = {263--268},
    Title = {{Control for Mobile Robots in The Presence of Moving Objects}},
    Volume = {6},
    Year = {1990}}

@article{BROOKS.TRA1986,
    Author = {R. A. Brooks},
    Journal = {Journal of the IEEE Transactions on Robotics and Automation},
    Month = {March},
    Number = {1},
    Pages = {14--23},
    Title = {{A Robust Layered Control System for a Mobile Robot}},
    Volume = {2},
    Year = {1986}}

@inproceedings{BEHNKE.ROBOTCUP04,
    Address = {Padua, Italy},
    Author = {S. Behnke},
    Booktitle = {Proceedings of the 7$^{th}$ RoboCup International Symposium},
    Pages = {332--343},
    Title = {{Local Multiresolution Path Planning}},
    Year = {2004}}

@book{LATOMBE.BOOK91,
    Address = {Boston, MA, USA},
    Author = {J.-C. Latombe},
    Isbn = {0792391292},
    Publisher = {Kluwer Academic Publishers},
    Title = {{Robot Motion Planning}},
    Year = {1991}}

@article{LATOMBE.IJRR99,
    Author = {J.-C. Latombe},
    Journal = {International Journal of Robotics Research},
    Number = {11},
    Pages = {1119--1128},
    Title = {{Motion Planning: A Journey of Robots, Molecules, Digital Actors, and Other Artifacts}},
    Volume = {18},
    Year = {1999}}

@article{HWANG.ACS92,
    Author = {Y. K. Hwang and N. Ahuja},
    Journal = {ACM Computing Surveys (CSUR)},
    Month = {September},
    Number = {3},
    Pages = {219--291},
    Title = {{Gross Motion Planning -- A Survey}},
    Volume = {24},
    Year = {1992}}

@article{REIF.JACM94,
    Author = {J. Reif and M. Sharir},
    Journal = {Journal of the ACM (JACM)},
    Month = {July},
    Number = {4},
    Pages = {764--790},
    Title = {{Motion Planning in The Presence of Moving Obstacles}},
    Volume = {41},
    Year = {1994}}

@article{DUNLAING.JA86,
    Journal = {Journal of Algorithms},
    Number = {1},
    Pages = {104--111},
    Title = {{A ``Retraction" Method for Planning the Motion of a Disc}},
    Volume = {6},
    Year = {1986}}

@phdthesis{LAUBACH.PHDTHESIS99,
    Address = {Pasadena, CA, USA},
    Author = {S. L. Laubach},
    School = {California Institute of Technology},
    Title = {{Theory and Experiments in Autonomous Sensor--Based Motion Planning with Applications for Flight Planetary Microrovers}},
    Year = {1999}}

@phdthesis{FIORINI.PHDTHESIS95,
    Address = {Los Angeles},
    Author = {P. Fiorini},
    School = {University of California},
    Title = {{Robot Motion Planning Among Moving Obstacles}},
    Year = {1995}}

@article{FIORINI.JRR98,
    Author = {P. Fiorini and Z. Shiller},
    Journal = {International Journal on Robotics Research},
    Number = {7},
    Pages = {711--727},
    Title = {{Motion Planning in Dynamic Environments Using Velocity Obstacles}},
    Volume = {17},
    Year = {1998}}

@inproceedings{CASTRO.IECON2002,
    Address = {Sevilla},
    Author = {D. Castro and U. Nunes and A. Ruano},
    Booktitle = {Proceedings of the IEEE 2002 28$^{th}$ Annual Conference of the IEEE Industrial Electronics Society},
    Month = {5--8 November},
    Pages = {2427--2432},
    Title = {{Reactive Local Navigation}},
    Volume = {3},
    Year = {2002}}

@inproceedings{BARRAQUAND.ISRR90,
    Address = {Cambridge, MA, USA},
    Author = {J. Barraquand and B. Langlois and J.-C. Latombe},
    Booktitle = {The 5$^{th}$ International Symposium on Robotics Research},
    Pages = {435--444},
    Publisher = {MIT Press},
    Title = {{Robot Motion Planning with Many Degrees of Freedom and Dynamic Constraints}},
    Year = {1990}}

@mastersthesis{NAIK2005,
    Address = {Blacksburg, VA},
    Author = {A. Naik},
    Month = {December 15},
    School = {Virginia Polytechnic Institute and State University},
    Title = {{Arc Path Collision Avoidance Algorithm for Autonomous Ground Vehicles}},
    Year = {2005}}

@inproceedings{AMIR.TECT2005,
    Address = {Istanbul, Turkey},
    Author = {R. Amir and A. Saffari},
    Booktitle = {Proceedings of WEC 2005, Transactions on Engineering, Computing and Technology},
    Month = {June},
    Pages = {42--59},
    Title = {{Unknown Environment Representation for Mobile Robot Using Spiking Neural Networks}},
    Volume = {6},
    Year = {2005}}

@techreport{KHATIB.REPORT78,
    Address = {Toulouse, France},
    Author = {O. Khatib and L. M. Mampey},
    Institution = {DERA/CERT},
    Number = {2/7156},
    Title = {{Fonction Decision--Commande d'Un Robot Manipulateur}},
    Year = {1978}}

@inproceedings{ANDREWS.CMPRS1983,
    Address = {Boston, MA},
    Author = {J. R. Andrews and N. Hogan},
    Booktitle = {Control of Manufacturing Processes and Robotic Systems},
    Editor = {D. E. Hardt and W. Book},
    Pages = {243--251},
    Publisher = {ASME},
    Title = {{Impedance Control as a Framework for Implementing Obstacle Avoidance in a Manipulator}},
    Year = {1983}}

@inproceedings{FLOREANO.SMC1995,
    Address = {Beijing, China},
    Author = {D. Floreano and F. Mondada},
    Booktitle = {Proceedings of the IEEE International Conference on Systems, Man and Cybernetics},
    Month = {June},
    Number = {3},
    Pages = {396--407},
    Title = {{Evolution of Homing Navigation in a Real Mobile Robot}},
    Volume = {26},
    Year = {1996}}

@inproceedings{ZELEK.SMC1995,
    Address = {Vancouver, BC, Canada},
    Author = {J. S. Zelek},
    Booktitle = {Proceedings of the IEEE International Conference on Systems, Man and Cybernetics},
    Month = {October 22--25},
    Pages = {1285--1290},
    Title = {{Dynamic Path Planning}},
    Volume = {2},
    Year = {1995}}

@article{YEN.SMC1995,
    Author = {J. Yen and N. Pfluger},
    Booktitle = {IEEE Transactions on Systems, Man and Cybernetics},
    Number = {6},
    Pages = {971--978},
    Title = {{A Fuzzy Logic Based Extension to Payton and Rosenblatt's Command Fusion Method for Mobile Robot Navigation}},
    Volume = {25},
    Year = {1995}}

@article{ORIOLO.SMC1998,
    Author = {G. Oriolo and G. Ulivi and M. Vendittelli},
    Journal = {IEEE Transactions on Systems, Man and Cybernetics},
    Month = {June},
    Number = {3},
    Pages = {316--333},
    Title = {{Real--Time Map Building and Navigation for Autonomous Robots in Unknown Environments}},
    Volume = {28},
    Year = {1998}}

@inproceedings{MENG.SMC1992,
    Address = {Chicago, IL, USA},
    Author = {M. Meng and A. C. Kak},
    Booktitle = {Proceedings of the IEEE International Conference on Systems, Man and Cybernetics},
    Month = {October 18--21},
    Title = {{Fast Vision--Guided Mobile Robot Navigation Using Neural Networks}},
    Volume = {1},
    Year = {1992}}

@article{JARVIS.AMR1994,
    Author = {R. A. Jarvis},
    Journal = {Advanced Mobile Robots},
    Pages = {3--31},
    Title = {{On Distance Transform Based Collision Free Path Planning for Robot Navigation in Known, Unknown and Time--Varying Environments}},
    Year = {1994}}

@inproceedings{GULDNER.ACC95,
    Address = {Seattle, WA},
    Author = {J. Guldner and V. I. Utkin and H. Hashimoto and F. Harashima},
    Booktitle = {Proceedings of the American Control Conference},
    Month = {21--23 June},
    Pages = {2803--2804},
    Title = {{Tracking Gradients of Artificial Potential Fields with Non--Holonomic Mobile Robots}},
    Volume = {4},
    Year = {1995}}

@article{GULDNER.IJC1996,
    Author = {J. Guldner and V. I. Utkin},
    Journal = {International Journal of Control},
    Number = {3},
    Pages = {417--432},
    Title = {{Tracking the Gradient of Artificial Potential Fields: Sliding Mode Control for Mobile Robots}},
    Volume = {63},
    Year = {1996}}

@inproceedings{KHATIB.IAS1995,
    Author = {M. Khatib and R. Chatila},
    Booktitle = {Proceedings of the Intelligent Autonomous Systems, IAS--4},
    Pages = {490--496},
    Title = {{An Extended Potential Field Approach for Mobile Robot Sensor--Based Motions}},
    Year = {1995}}

@article{ELFES.COMPUTER1990,
    Author = {A. Elfes},
    Journal = {Computer},
    Month = {June},
    Number = {6},
    Pages = {46--57},
    Title = {{Using Occupancy Grids for Mobile Robot Perception and Navigation}},
    Volume = {22},
    Year = {1990}}

@article{MORAVEC.AIMAG1988,
    Author = {H. P. Moravec},
    Journal = {AI Magazine},
    Month = {Summer},
    Number = {2},
    Pages = {61--74},
    Title = {{Sensor Fusion in Certainty Grids for Mobile Robots}},
    Volume = {9},
    Year = {1988}}

@article{FOX.RAM97,
    Author = {D. Fox and W. Burgard and S. Thrun},
    Journal = {Robotics and Automation Magazine, IEEE},
    Month = {March},
    Number = {1},
    Pages = {23--33},
    Title = {{The Dynamic Window Approach to Collision Avoidance}},
    Volume = {4},
    Year = {1997}}

@article{PEREZ.TC1983,
    Author = {T. Lozano--P{\'e}rez},
    Journal = {IEEE Transactions on Computers},
    Month = {February},
    Number = {2},
    Pages = {108--120},
    Title = {{Spatial Planning: A Configuration Space Approach}},
    Volume = {C--32},
    Year = {1983}}

@book{PREPARATA.BOOK1985,
    Address = {New York City, NY, USA},
    Author = {F. P. Preparata and M. I. Shamos},
    Edition = {2nd},
    Isbn = {ISBN 3--540--96131--3},
    Publisher = {Springer-Verlag},
    Title = {Computational Geometry -- An Introduction},
    Year = {1985}}

@article{AHUJA.BOOK1983,
    Author = {N. Ahuja and B. J. Schachter},
    Journal = {SIGGRAPH Computer Graphics},
    Number = {2},
    Title = {Pattern Models},
    Volume = {18},
    Year = {1983}}

@inproceedings{KIRKPATRICK.FOCS1979,
    Address = {San Juan, Puerto Rico},
    Author = {D. G. Kirkpatrick},
    Booktitle = {Proceedings of the IEEE 20$^{th}$ Annual Symposium on Foundations of Computer Science},
    Month = {October 29--31},
    Pages = {18--27},
    Publisher = {IEEE},
    Title = {{Efficient Computation of Continuous Skeletons}},
    Year = {1979}}

@article{LEE.SIAMJC1981,
    Author = {D. T. Lee and R. L. Drysdale},
    Journal = {SIAM Journal on Computing},
    Month = {February},
    Pages = {73--87},
    Title = {{Generalization of Voronoi Diagram in the Plane}},
    Year = {1981}}

@inproceedings{SHAMOS.FOCS1975,
    Address = {Berkeley, CA, USA},
    Author = {M. I. Shamos and D. Hoey},
    Booktitle = {Proceedings of the 16$^{th}$ IEEE Symposium on Foundations of Computer Science},
    Month = {October 13--15},
    Pages = {151--162},
    Title = {{Closest Point Problems}},
    Year = {1975}}

@techreport{YAP.REPORT1985,
    Address = {New York City, NY, USA},
    Author = {C. K. Yap},
    Institution = {Courant Inst. Robotics Laboratory, New York University},
    Number = {43},
    Title = {{An $O$($n$ $log n$) Algorithm for the Voronoi Diagram of a Set of Simple Curve Segments}},
    Year = {1985}}

@techreport{GIESBRECHT.REPORT2005,
    Address = {Suffield, Medecine Hat, Alberta, Canada},
    Author = {J. Giesbrecht},
    Institution = {Defence R \& D Canada},
    Month = {December},
    Number = {DRDC Suffield TM 2005--038},
    Title = {{Local Navigation for Unmanned Ground Vehicles}},
    Type = {Technical Memorandum},
    Year = {2005}}

@techreport{GIESBRECHT.REPORT2004,
    Address = {Suffield, Medecine Hat, Alberta, Canada},
    Author = {J. Giesbrecht},
    Institution = {Defence R \& D Canada},
    Month = {December},
    Number = {DRDC Suffield TM 2004--272},
    Title = {{Global Path Planning for Unmanned Ground Vehicles}},
    Type = {Technical Memorandum},
    Year = {2004}}

@article{DIEGUEZ.JIRS2003,
    Author = {A. R. Di{\'e}guez and R. Sanz and J. L{\'o}pez},
    Journal = {Journal of Intelligent and Robotic Systems},
    Month = {May},
    Pages = {1--19},
    Title = {{Deliberative On--Line Local Path Planning for Autonomous Mobile Robots}},
    Volume = {37},
    Year = {2003}}

@article{PARK.AI1995,
    Author = {I.-P. Park and J. R. Kender},
    Journal = {Artificial Intelligence},
    Month = {October},
    Number = {1--2},
    Pages = {355--395},
    Title = {{Topological Direction--Giving and Visual Navigation in Large Environments}},
    Volume = {78},
    Year = {1995}}

@article{MAHADEVAN.AI1992,
    Author = {S. Mahadevan and J. Connell},
    Journal = {Artificial Intelligence},
    Number = {2--3},
    Pages = {311--365},
    Title = {{Automatic Programming of Behavior--Based Robots Using Reinforcement Learning}},
    Volume = {55},
    Year = {1992}}

@incollection{THRUN.AIMR1998,
    Address = {Cambridge, MA, USA},
    Author = {S. Thrun and A. B\"{u}cken and W. Burgard and D. Fox and T. Fr\"{o}hlinghaus and D. Hennig and T. Hofmann and M. Krell and T. Schmidt},
    Booktitle = {Artificial Intelligence And Mobile Robots: Case Studies Of Successful Robot Systems},
    Editor = {D. Kortenkamp and R. P. Bonasso and R. Murphy},
    Pages = {21--52},
    Publisher = {MIT Press},
    Title = {{Map Learning and High--Speed Navigation in RHINO}},
    Year = {1998}}

@techreport{KELLY.REPORT1994,
    Author = {A. J. Kelly},
    Institution = {The Robotics Institute, Carnegie Mellon University},
    Title = {{RANGER -- An Intelligent Predictive Controller for Unmanned Ground Vehicles}},
    Year = {1994}}

@techreport{NILSSON.REPORT1984,
    Address = {Menlo Park, CA, USA},
    Author = {J. N. Nilsson},
    Institution = {SRI Artificial Intelligence Center},
    Month = {April},
    Number = {323},
    Title = {{Shakey the Robot}},
    Type = {Technical Note},
    Year = {1984}}

@phdthesis{CHOSET.PHD1996,
    Author = {H. Choset},
    School = {California Institute of Technology, CA, USA},
    Title = {{Sensor Based Motion Planning: the Hierarchical Generalized Voronoi Graph}},
    Year = {1996}}

@article{LUMELSKY.ARV1990,
    Author = {V. J. Lumelsky and A. A. Stepanov},
    Journal = {Autonomous Robot Vehicles},
    Pages = {363--390},
    Title = {{Path--Planning Strategies for A Point Mobile Automaton Moving Amidst Unknown Obstacles of Arbitrary Shape}},
    Year = {1990}}

@article{LUMELSKY.SMC1990,
    Author = {V. J. Lumelsky and T. Skewis},
    Journal = {IEEE Transactions on Systems, Man and Cybernetics},
    Month = {September--October},
    Number = {5},
    Pages = {1058--1069},
    Title = {{Incorporating Range Sensing in the Robot Navigation Function}},
    Volume = {20},
    Year = {1990}}

@article{LAMADRID.SMC1990,
    Author = {J. F. G. de Lamadrid and M. L. Gini},
    Journal = {IEEE Transactions on Systems, Man and Cybernetics},
    Month = {November--December},
    Number = {6},
    Pages = {1408--1422},
    Title = {{Path Tracking Through Uncharted Moving Obstacles}},
    Volume = {20},
    Year = {1990}}

@article{BROOKS.SMC1983,
    Author = {R. A. Brooks},
    Journal = {IEEE Transactions on Systems, Man and Cybernetics},
    Month = {March--April},
    Number = {3},
    Pages = {190--197},
    Title = {{Solving the Find--Path Problem by Good Representation of Free Space}},
    Volume = {13},
    Year = {1983}}

@article{LEE.SMC1990,
    Author = {C. C. Lee},
    Journal = {IEEE Transactions on Systems, Man and Cybernetics},
    Number = {2},
    Pages = {404--435},
    Title = {{Fuzzy Logic in Control Systems: Fuzzy Logic Controller -- Parts I and II}},
    Volume = {20},
    Year = {1990}}

@techreport{LEE.REP89,
    Author = {C. C. Lee},
    Institution = {EECS Department, University of California, Berkeley},
    Number = {UCB/ERL M89/90},
    Title = {{Fuzzy Logic in Control Systems: Fuzzy Logic Controller -- Part I}},
    Year = {1989}}

@article{LUMELSKY.TAC1986,
    Author = {V. J. Lumelsky and A. A. Stepanov},
    Journal = {IEEE Transactions on Automatic Control},
    Month = {November},
    Number = {11},
    Pages = {1058--1063},
    Title = {{Dynamic Path Planning for a Mobile Automaton with Limited Information on the Environment}},
    Volume = {31},
    Year = {1986}}

@inproceedings{YAMAUCHI.CIRA1997,
    Address = {Monterey, CA, USA},
    Author = {B. Yamauchi},
    Booktitle = {IEEE International Symposium on Computational Intelligence in Robotics and Automation},
    Month = {10--11 July},
    Pages = {146--151},
    Title = {{A Frontier--Based Approach for Autonomous Exploration}},
    Year = {1997}}

@inproceedings{SUGIHARA.CIRA1997,
    Address = {Monterey, CA, USA},
    Author = {K. Sugihara and J. Smith},
    Booktitle = {IEEE International Symposium on Computational Intelligence in Robotics and Automation},
    Month = {10--11 July},
    Pages = {138--143},
    Title = {{Genetic Algorithms for Adaptive Motion Planning of an Autonomous Mobile Robot}},
    Year = {1997}}

@phdthesis{HEERO.PHD2006,
    Address = {Estonia},
    Author = {K. Heero},
    Month = {May},
    School = {Faculty of Mathematics and Computer Science, University of Tartu},
    Title = {{Path Planning and Learning Strategies for Mobile Robots in Dynamic Partially Known Environments}},
    Year = {2006}}

@article{SUGENO.FSS1984,
    Author = {M. Sugeno and M. Nishida},
    Journal = {Fuzzy Sets and Systems},
    Month = {July},
    Number = {2},
    Pages = {103--113},
    Title = {{Fuzzy Control of Model Car}},
    Volume = {16},
    Year = {1984}}

@article{MAEDA.FSS1991,
    Author = {M. Maeda and Y. Maeda and S. Murakami},
    Journal = {Fuzzy Sets and Systems},
    Month = {January},
    Number = {2},
    Pages = {195--204},
    Title = {{Fuzzy Drive Control of an Autonomous Mobile Robot}},
    Volume = {39},
    Year = {1991}}

@article{TAKEUCHI.ISIJ1988,
    Author = {T. Takeuchi and Y. Nagai and N. Enomoto},
    Journal = {Information Sciences: An International Journal},
    Month = {July},
    Number = {2},
    Pages = {231--248},
    Title = {{Fuzzy Control of a Mobile Robot for Obstacle Avoidance}},
    Volume = {45},
    Year = {1988}}

@conference{HOFFMANN.WCSC1998,
    Author = {F. Hoffmann and T. J. Koo and O. Shakernia},
    Booktitle = {3$^{rd}$ Online World Conference on Soft Computing},
    Title = {{Evolutionary Design of a Helicopter Autopilot}},
    Year = {1998}}

@book{DRIANKOV.BOOK1996,
    Address = {London, UK},
    Author = {D. Driankov and H. Hellendoorn and M. Reinfrank},
    Edition = {2$^{nd}$},
    Isbn = {3-540-60691-2},
    Publisher = {Springer--Verlag},
    Title = {{An Introduction to Fuzzy Control}},
    Year = {1993}}

@book{KRUSE.BOOK1994,
    Author = {R. Kruse and J. E. Gebhardt and F. Klawonn},
    Month = {September},
    Publisher = {Wiley},
    Title = {{Foundations of Fuzzy Systems}},
    Year = {1994}}

@book{GOLDBERG.BOOK1989,
    Address = {Boston, MA, USA},
    Author = {D. E. Goldberg},
    Month = {January 11},
    Publisher = {Addison--Wesley Professional},
    Title = {{Genetic Algorithms in Search, Optimization, and Machine Learning}},
    Year = {1989}}

@incollection{KOZA.MIT1992,
    Address = {Cambridge, MA, USA},
    Author = {J. R. Koza},
    Booktitle = {MIT Press},
    Title = {{Genetic Programming -- On the Programming of Computers by Means of Natural Selection}},
    Year = {1992}}

@book{SCHWEFEL.BOOK1995,
    Address = {New York City, NY, USA},
    Author = {H.-P. Schwefel},
    Month = {9 January},
    Publisher = {Wiley-Interscience},
    Title = {{Evolution and Optimum Seeking}},
    Year = {1995}}

@inproceedings{PRATIKAR.KES2001,
    Address = {Nara, Japan},
    Author = {D. K. Pratihar and N. Hayashida and H. Takagi},
    Booktitle = {Proceedings of the 5$^{th}$ International Conference on Knowledge--Based Intelligent Information Engineering Systems \& Allied Technologies},
    Month = {September 6--8},
    Pages = {223--227},
    Title = {{Comparison of Mapping Methods to Visualize the EC Landscape}},
    Year = {2001}}

@incollection{HOLLAND.PRESS1975,
    Address = {Ann Arbor, MI, USA},
    Author = {J. H. Holland},
    Booktitle = {University of Michigan Press},
    Title = {{Adaptation in Natural and Artificial Systems}},
    Year = {1975}}

@book{ALEKSANDER.BOOK1990,
    Address = {New York City, NY, USA},
    Author = {I. Aleksander and H. Morton},
    Isbn = {0-442-31218-0},
    Publisher = {Van Nostrand Reinhold Co.},
    Source = {Previously published by Chapman \& Hall, London},
    Title = {{An Introduction to Neural Computing}},
    Year = {1990}}

@inproceedings{HOPFIELD.NAS1982,
    Author = {J. J. Hopfield},
    Booktitle = {Proceedings of the National Academy of Sciences of the United States of America},
    Month = {15 April},
    Number = {8},
    Pages = {2554--2558},
    Publisher = {National Academy of Sciences},
    Title = {{Neural Networks and Physical Systems with Emergent Collective Computational Abilities}},
    Volume = {79},
    Year = {1982}}

@book{KOHONEN.BOOK1989,
    Address = {New York City, NY, USA},
    Author = {T. Kohonen},
    Isbn = {0-387-51387-6},
    Publisher = {Springer--Verlag},
    Title = {{Self--Organization and Associative Memory: 3rd Edition}},
    Year = {1989}}

@book{RUMELHART.BOOK1986,
    Address = {Cambridge, MA, USA},
    Author = {D. E. Rumelhart},
    Editor = {James L. McClelland},
    Isbn = {0-262-63110-5},
    Publisher = {MIT Press},
    Source = {Hardcover; ISBN 0-262-13218-4},
    Title = {{Parallel Distributed Processing: Explorations in the Microstructure, vol. 2: Psychological and Biological Models}},
    Year = {1986}}

@inbook{ZOU.LNCS2006,
    Author = {A.-M. Zou and Z.-G. Hou and S.-Y. Fu and M. Tan},
    Chapter = {Advances in Neural Networks},
    Pages = {1218--1226},
    Publisher = {Springer Berlin},
    Series = {Lecture Notes in Computer Science},
    Title = {{Neural Networks for Mobile Robot Navigation: A Survey}},
    Type = {{Robotic Systems}},
    Volume = {3972},
    Year = {2006}}

@article{ZOU.LNCS2005,
    Author = {A.-M. Zou and Z.-G. Hou and L. Zhang and M. Tan},
    Journal = {Lecture Notes in Computer Science (LNCS)},
    Pages = {277--284},
    Source = {Advances in Neural Network, Chongqing, China},
    Title = {{A Neural Network--Based Camera Calibration Method for Mobile Robot Localization Problems}},
    Volume = {3498},
    Year = {2005}}

@inproceedings{BARBERA.FUSION2000,
    Address = {Paris, France},
    Author = {H. Martinez Barber\'{a} and A. G\'{o}mez Skarmeta and M. Zamora Izquierdo and J. Bot\'{i}a Blaya},
    Booktitle = {Proceedings of the 3$^{rd}$ International Conference on Information Fusion},
    Month = {July 13--17},
    Pages = {WEB4/18--WEB4/25},
    Title = {{Neural Networks for Sonar and Infrared Sensors Fusion}},
    Volume = {2},
    Year = {2000}}

@inproceedings{HU.ETFA1999,
    Address = {Barcelona, Spain},
    Author = {H. Hu and D. Gu},
    Booktitle = {Proceedings of the IEEE International Conference on Emerging Technologies and Factory Automation},
    Month = {18--21 October},
    Pages = {121--128},
    Title = {{Landmark--Based Navigation of Mobile Robot in Manufacturing}},
    Volume = {1},
    Year = {1999}}

@inproceedings{DJEKOUNE.ISPA2001,
    Address = {Pula, Croatia},
    Author = {O. Djekoune and K. Achour},
    Booktitle = {Proceedings of the 2$^{nd}$ International Symposium on Image and Signal Processing and Analysis},
    Month = {June 19--21},
    Pages = {355--361},
    Title = {{Vision--Guided Mobile Robot Navigation Using Neural Network}},
    Volume = {2},
    Year = {2001}}

@inproceedings{SILVA.IJCNN2000,
    Address = {Washington, DC, USA},
    Author = {C. Silva and M. Crisostomo and B. Ribeiro},
    Booktitle = {Proceedings of the IEEE--INNS--ENNS International Joint Conference on Neural Networks},
    Month = {July 24--27},
    Pages = {334--339},
    Title = {{MONODA: A Neural Modular Architecture for Obstacle Avoidance without Knowledge of the Environment}},
    Volume = {6},
    Year = {2000}}

@article{GROSSBERG.AO1987,
    Author = {S. Grossberg and D. S. Levine},
    Journal = {Applied Optics},
    Pages = {5015--5030},
    Title = {{Neural Dynamics of Attentionally Modulated Pavlovian Conditioning: Blocking, Inter--Stimulus Interval, and Secondary Reinforcement}},
    Volume = {26},
    Year = {1987}}

@conference{KOZAKIEWICZ.IRS1991,
    Author = {C. Kozakiewicz and M. Ejiri},
    Booktitle = {International Workshop on Intelligent Robots and Systems},
    Pages = {818--823},
    Title = {{Neural Network Approach to Path Planning for Two Dimensional Robot Motion}},
    Volume = {2},
    Year = {1991}}

@inproceedings{SFEIR.ICM2004,
    Author = {J. Sfeir and H. Y. Kanaan and M. Saad},
    Booktitle = {Proceedings of the IEEE International Conference on Mechatronics},
    Pages = {176--181},
    Title = {{A Neural Network Based Path Generation Technique for Mobile Robots}},
    Year = {2004}}

@conference{SASTRY.TNN1994,
    Author = {P. S. Sastry and G. Santharam and K. P. Unnikrishnan},
    Booktitle = {IEEE Transactions on Neural Networks},
    Pages = {306--319},
    Series = {2},
    Title = {{Memory Neuron Networks for Identification and Control of Dynamic Systems}},
    Volume = {5},
    Year = {1994}}

@article{GLASIUS.NN1995,
    Author = {R. Glasius and A. Komoda and S. Gielen},
    Journal = {Neural Networks},
    Number = {1},
    Pages = {125--133},
    Title = {{Neural Network Dynamics for Path Planning and Obstacle Avoidance}},
    Volume = {8},
    Year = {1995}}

@inproceedings{FIERRO.ISIC1995,
    Author = {R. Fierro and F. L. Lewis},
    Booktitle = {Proceedings of the IEEE International Symposium on Intelligent Control},
    Pages = {415--421},
    Title = {{Control of a Nonholonomic Mobile Robot Using Neural Networks}},
    Year = {1995}}

@inproceedings{FIERRO.DC1996,
    Author = {R. Fierro and F. L. Lewis},
    Booktitle = {Proceedings of the 35$^{th}$ IEEE on Decision and Control},
    Pages = {1722--1727},
    Title = {{Practical Point Stabilization of a Nonholonomic Mobile Robot Using Neural Networks}},
    Volume = {2},
    Year = {1996}}

@conference{FIERRO.TNN1998,
    Author = {R. Fierro and F. L. Lewis},
    Booktitle = {IEEE Transactions on Neural Networks},
    Pages = {589--600},
    Series = {4},
    Title = {{Control of a Nonholonomic Mobile Robot Using Neural Networks}},
    Volume = {9},
    Year = {1998}}

@article{YANG.NN2000,
    Author = {S. X. Yang and M. Meng},
    Journal = {Neural Networks},
    Number = {2},
    Pages = {143--148},
    Title = {{An Efficient Neural Network Approach to Dynamic Robot Motion Planning}},
    Volume = {13},
    Year = {2000}}

@article{NELSON.RAS2004,
    Author = {A. L. Nelson and E. Grant and J. M. Galeotti and S. Rhody},
    Journal = {Robotics and Autonomous Systems},
    Month = {March},
    Number = {3},
    Pages = {159--173},
    Title = {{Maze Exploration Behaviors Using an Integrated Evolutionary Robotics Environment}},
    Volume = {46},
    Year = {2004}}

@article{YANG.RAS2000,
    Author = {S. X. Yang and M. Meng},
    Journal = {Robotics and Autonomous Systems},
    Number = {2--3},
    Pages = {115--128},
    Title = {{An Efficient Neural Network Method for Real--Time Motion Planning with Safety Consideration}},
    Volume = {32},
    Year = {2000}}

@conference{YANG.TNN2003,
    Author = {S. X. Yang and M. Meng},
    Booktitle = {IEEE Transactions on Neural Networks},
    Pages = {1541--1552},
    Series = {6},
    Title = {{Real--time Collision--free Motion Planning of a Mobile Robot Using a Neural Dynamic--Based Approach}},
    Volume = {14},
    Year = {2003}}

@article{HODGKIN.JOP1952,
    Author = {A. L. Hodgkin and A. F. Huxley},
    Journal = {Journey of Physiology},
    Pages = {500--544},
    Title = {{A Quantitative Description of Membrane Current and its Application to Conduction and Excitation in Nerve}},
    Volume = {117},
    Year = {1952}}

@article{GROSSBERG.NN1988,
    Author = {S. Grossberg},
    Journal = {Neural Networks},
    Pages = {17--61},
    Title = {{Nonlinear Neural Networks: Principal, Mechanisms, and Architecture}},
    Volume = {1},
    Year = {1988}}

@misc{HUANG.MISC,
    Author = {S. H. Huang},
    Howpublished = {www.min.uc.edu/icams/resourses/ANN/ANNMaul.ppt},
    Title = {{Artificial Neural Networks and its Manufacturing Application: Part 1}}}

@conference{CHOI.ICFS1998,
    Author = {J. W. Choi and S. H. Kwon and H. Y. Lee and S. G. Lee},
    Booktitle = {Proccedings of the 1998 IEEE International Conference on Fuzzy Systems},
    Month = {May 4--9},
    Pages = {602--605},
    Title = {{Navigation Strategy of an Intelligent Mobile Robot using Fuzzy Logic}},
    Volume = {1},
    Year = {1998}}

@conference{ISMAIL.SCORED2002,
    Address = {Shah Alam, Malaysia},
    Author = {I. Ismail and M. F. Nordin},
    Booktitle = {Student Conference on Research and Development},
    Month = {July 16--17},
    Pages = {153--156},
    Title = {{Reactive Navigation of Autonomous Guided Vehicles using Fuzzy Logic}},
    Year = {2002}}

@conference{MAJDI.EIE2006,
    Address = {Hammamet, Tunisia},
    Author = {M. Majdi and M. Deldar and R. Barzamini and J. Jouzdani},
    Booktitle = {1$^{st}$ IEEE International Conference on E--Learning in Industrial Electronics},
    Month = {December 18--20},
    Pages = {64--67},
    Title = {{AGV Path Planning in Unknown Environment Using Fuzzy Inference Systems}},
    Year = {2006}}

@inproceedings{MALHOTRA.AIM2005,
    Address = {Monteray, CA, USA},
    Author = {R. Malhotra and A. Sarkar},
    Booktitle = {IEEE/ASME International Conference on Advanced Intelligent Mechatronics},
    Month = {July 24--28},
    Pages = {1198--1203},
    Title = {{Development of a Fuzzy Logic Based Mobile Robot for Dynamic Obstacle Avoidance and Goal Acquisition in an Unstructured Environment}},
    Year = {2005}}

@article{KYUNG.ROBOTICA2006,
    Author = {K. Kyung-Hoon and C. Hyung Suck},
    Journal = {Robotica},
    Number = {5},
    Pages = {567--578},
    Title = {{An Obstacle Avoidance Method for Mobile Robots Based on Fuzzy Decision--Making}},
    Volume = {24},
    Year = {2006}}

@article{KYUNG.ROBOTICA1994,
    Author = {A. Martinez and E. Tunstel and M. Jamshidi},
    Journal = {Robotica},
    Number = {5},
    Pages = {521--527},
    Title = {{Fuzzy Logic Based Collision Avoidance For a Mobile Robot}},
    Volume = {12},
    Year = {1994}}

@conference{MARTINEZ.IFIS1993,
    Address = {Houston, TX, USA},
    Author = {A. Martinez and E. Tunstel and M. Jamshidi},
    Booktitle = {3$^{rd}$ International Conference on Industrial Fuzzy Control and Intelligent Systems},
    Month = {December 1--3},
    Pages = {66--69},
    Title = {{Fuzzy Logic Based Collision Avoidance for a Mobile Robot}},
    Year = {1993}}

@inproceedings{SKUBIC.IFIS1993,
    Address = {Houston, TX, USA},
    Author = {M. Skubic and S. Graves and J. Mollenhauer},
    Booktitle = {Proceedings of the 3$^{rd}$ International Conference on Industrial Fuzzy Control and Intelligent Systems},
    Month = {December 1--3},
    Pages = {224--227},
    Title = {{Design of a Two--Level Fuzzy Controller for a Reactive Miniature Mobile Robot}},
    Year = {1993}}

@inproceedings{KIM.TENCON1999,
    Author = {B. N. Kim and O. S. Kwon and K. H. Kim and E. H. Lee and S. H. Hong},
    Booktitle = {Proceedings of the IEEE Region 10 Conference (TENCON'99)},
    Pages = {1002--1005},
    Title = {{A Study on Path Planning for Mobile Robot Based on Fuzzy Logic Controller}},
    Volume = {2},
    Year = {1999}}

@inproceedings{ZAVLANGAS.ESIT2000,
    Address = {Aachen, Germany},
    Author = {P. G. Zavlangas and S. G Tzafestas and K. Althoefer},
    Booktitle = {Proceedings of the European Symposium on Intelligent Techniques (ESIT)},
    Month = {September 14--15},
    Pages = {375--382},
    Title = {{Fuzzy Obstacle Avoidance and Navigation for Omnidirectional Mobile Robots}},
    Year = {2000}}

@inproceedings{AUGELLO.ATTIVHS1994,
    Address = {Paris, France},
    Author = {D. Augello and E. B\'{e}n\'{e}jam and J.-P. Nerri\`{e}re and M. Parent},
    Booktitle = {Proccedings of the 1$^{st}$ World Congress on Application of Transport Telematics and Intelligent Vehicle Highway System},
    Month = {November--December},
    Title = {{Complementary between Public Transport and a Car Sharing Service}},
    Year = {1994}}

@inbook{BROOKS.RUR1990,
    Author = {R. A. Brooks},
    Chapter = {{A Robust Layered Control System for a Mobile Robot}},
    Editor = {G. Shafer and J. Perl},
    Pages = {204--213},
    Publisher = {Morgan Kaufmann},
    Title = {{Readings in Uncertain Reasoning}},
    Year = {1990}}

@phdthesis{GARNIER.PHD1995,
    Address = {Grenoble, France},
    Author = {P. Garnier},
    Month = {December},
    School = {Institut National Polytechnique de Grenoble},
    Title = {{Contr\^{o}le d'\'{E}xecution R\'{e}actif de Mouvement de V\'{e}hicules en Environnement Dynamique Structur\'{e}}},
    Year = {1995}}

@article{HASSOUN.MCM1995,
    Author = {M. Hassoun and C. Laugier},
    Journal = {Mathematical and Computer Modelling},
    Month = {August},
    Number = {4--7},
    Pages = {329--341},
    Title = {{An Architecture for Motion Planning and Motion Control for a Car--Like Vehicle}},
    Volume = {22},
    Year = {1995}}

@techreport{GARNIER.REPORT1997,
    Author = {P. Garnier and T. Fraichard},
    Institution = {Institut National de Recherche en Informatique et en Automatique},
    Month = {June},
    Number = {3200},
    Title = {{A Fuzzy Motion Controller for a Car--Like Vehicle}},
    Type = {Rapport de Recherche},
    Year = {1997}}

@article{BEASLEY.UC1993,
    Author = {D. Beasley and D. R. Bull and R. R. Martin},
    Journal = {University Computing},
    Number = {2},
    Pages = {58--69},
    Title = {{An Overview of Genetic Algorithms}},
    Volume = {15},
    Year = {1993}}

@inproceedings{LIN.EC1994,
    Address = {Orlando, FL, USA},
    Author = {H.-S. Lin and J. Xiao and Z. Nfichalewicz},
    Booktitle = {Proceedings of the 1$^{st}$ IEEE Conference on Evolutionary Computation},
    Month = {June 27--29},
    Pages = {211--216},
    Title = {{Evolutionary Algorithm for Path Planning in Mobile Robot Environment}},
    Volume = {1},
    Year = {1994}}

@inproceedings{LIN.EC1994,
    Address = {Orlando, FL, USA},
    Author = {H. Y. Xu and G. Vukovich},
    Booktitle = {Proceedings of the 1$^{st}$ IEEE Conference on Evolutionary Computation},
    Month = {June 27--29},
    Pages = {595--600},
    Title = {{Fuzzy Evolutionary Algorithms and Automatic Robot Trajectory Generation}},
    Volume = {1},
    Year = {1994}}

@article{GOLDBERG.ACM1994,
    Author = {D. E. Goldberg},
    Journal = {Communications of the ACM},
    Month = {March},
    Number = {3},
    Pages = {113--119},
    Title = {Genetic and Evolutionary Algorithms Come of Age},
    Volume = {37},
    Year = {1994}}

@article{CLIFF.AB1993,
    Author = {D. Cliff and P. Husbands and I. Harvey},
    Journal = {Adaptive Behavior},
    Month = {June},
    Number = {1},
    Pages = {73--110},
    Title = {{Explorations in Evolutionary Robotics}},
    Volume = {2},
    Year = {1993}}

@article{GREFENSTETTE.AB1992,
    Author = {J. J. Grefenstette},
    Journal = {Adaptive Behavior},
    Number = {1},
    Pages = {65--90},
    Title = {{The Evolution of Strategies for Multi--Agent Environments}},
    Volume = {1},
    Year = {1992}}

@inproceedings{SCRAPPER.SPIE2006,
    Address = {Orlando, FL, USA},
    Author = {C. Scrapper and S. Balakirsky and E. Messina},
    Booktitle = {Proceedings of the 2006 SPIE Defense and Security Symposium},
    Date-Modified = {2008-09-01 00:16:48 -0400},
    Keywords = {SPIE},
    Month = {April 17--20},
    Title = {{MOAST and USARSim: A Combined Framework for the Development and Testing of Autonomous Systems}},
    Volume = {6230},
    Year = {2006}}

@inproceedings{NOLFI.AL1994,
    Address = {Cambridge, MA, USA},
    Author = {S. Nolfi and D. Floreano and O. Miglino and F. Mondada},
    Booktitle = {Artificial Life IV: Proceedings of the 4$^{th}$ International Workshop on the Synthesis and Simulation of Living Systems},
    Pages = {190--198},
    Publisher = {MIT Press},
    Title = {{How to Evolve Autonomous Robots: Different Approaches in Evolutionary Robotics}},
    Year = {1994}}

@inproceedings{FLOREANO.SAB1996,
    Address = {Cape Cod, MA, USA},
    Author = {D. Floreano and F. Mondada},
    Booktitle = {4$^{th}$ International Conference on Simulation of Adaptive Behavior (SAB'1996)},
    Editor = {P. Maes and M. Mataric and J.-A. Meyer and J. Pollack and S. Wilson},
    Pages = {402--410},
    Publisher = {MA: MIT Press},
    Title = {{Evolution of Plastic Neurocontrollers for Situated Agents}},
    Year = {1996}}

@inproceedings{LUND.ICEC1997,
    Address = {Indianapolis, IN, USA},
    Author = {H. H. Lund and J. Hallam and W.-P. Lee},
    Booktitle = {Proceedings of IEEE 4$^{th}$ International Conference on Evolutionary Computation},
    Month = {April 13--16},
    Pages = {197--202},
    Title = {{Evolving Robot Morphology}},
    Year = {1997}}

@book{NOLFI.BOOK2000,
    Address = {Cambridge, MA, USA},
    Author = {S. Nolfi and D. Floreano},
    Isbn = {0262140705},
    Publisher = {MIT Press},
    Title = {{Evolutionary Robotics: The Biology, Intelligence, and Technology}},
    Year = {2000}}

@techreport{WAHDE.REPORT2004,
    Address = {G\"{o}teborg, Sweden},
    Author = {M. Wahde},
    Institution = {Department pf Machine and Vehicle Systems, Chalmers University of Technology},
    Number = {TR--BBR--2004--001},
    Title = {{Evolutionary Robotics -- The Use of Artificial Evolution in Robotics}},
    Type = {Tutorial},
    Year = {2004}}

@article{PRATIHAR.SADHANA2003,
    Author = {D. K. Pratihar},
    Journal = {Sadhana},
    Month = {December},
    Number = {6},
    Pages = {999--1009},
    Title = {{Evolutionary Robotics -- A Review}},
    Volume = {28},
    Year = {2003}}

@article{MIGLINO.AL21995,
    Author = {O. Miglino and K. Nafasi and C. E. Taylor},
    Journal = {Artificial Life},
    Month = {January},
    Number = {1},
    Pages = {101--116},
    Title = {{Selection for Wandering Behavior in a Small Robot}},
    Volume = {2},
    Year = {1995}}

@article{MIGLINO.AL1995,
    Author = {O. Miglino and H. H. Lund and S. Nolfi},
    Journal = {Artificial Life},
    Number = {4},
    Pages = {417--434},
    Title = {{Evolving Mobile Robots in Simulated and Real Environments}},
    Volume = {2},
    Year = {1995}}

@inproceedings{BROOKS.ECAL1992,
    Address = {Cambridge, MA, US},
    Author = {R. A. Brooks},
    Booktitle = {Toward a Practice of Autonomous Systems: Proceedings of the 1$^{st}$ European Conference on Artificial Life},
    Editor = {F. J. Varela and P. Bourgine},
    Pages = {3--10},
    Publisher = {MIT Press},
    Title = {{Artificial Life and Real Robots}},
    Year = {1992}}

@inproceedings{JAKOBI.ECAAL1995,
    Address = {Granada, Spain},
    Author = {N. Jakobi and P. Husbands and I. Harvey},
    Booktitle = {Proceedings of the 3$^{rd}$ European Conference on Advances in Artificial Life},
    Month = {June 4--6},
    Pages = {704--720},
    Series = {Lecture Notes in Computer Science},
    Title = {{Noise and the Reality Gap: The Use of Simulation in Evolutionary Robotics}},
    Year = {1995}}

@book{FOGEL.BOOK1966,
    Address = {New York City, NY, USA},
    Author = {L. J. Fogel and A. J. Owens and M. J. Walsh},
    Publisher = {Wiley \& Sons, Inc.},
    Title = {{Artificial Intelligence through Simulated Evolution}},
    Year = {1966}}

@inproceedings{KOZA.ECAL1992,
    Address = {Paris, France},
    Author = {J. R. Koza},
    Booktitle = {Proceedings of the 1$^{st}$ European Conference on                  Artificial Life. Towards a Practice of Autonomous                  Systems},
    Editor = {F. J. Varela and P. Bourgine},
    Month = {December 11--13},
    Pages = {110--119},
    Publisher = {MIT Press},
    Title = {{Evolution of Subsumption using Genetic Programming}},
    Year = {1992}}

@techreport{KOZA.REPORT1990,
    Address = {Stanford, CA, USA},
    Author = {J. R. Koza},
    Institution = {Stanford University},
    Number = {CS--TR--90--1314},
    Title = {{The Genetic Programming Paradigm: Genetically Breeding Populations of Computer Programs to Solve Problems}},
    Type = {Technical Report},
    Year = {1990}}

@inproceedings{HOFFMANN.IPMU1996,
    Address = {Granada, Spain},
    Author = {F. Hoffmann and G. Pfister},
    Booktitle = {Proceedings of the 5$^{th}$ International Conference IPMU: Information Processing and Management of Uncertainty in Knowledge--Based Systems},
    Month = {July},
    Pages = {659--664},
    Title = {{Evolutionary Learning of a Fuzzy Control Rule Base for an Autonomous Vehicle}},
    Year = {1996}}

@inproceedings{AUGUSTSSON.GECCO2002,
    Address = {San Francisco, CA, USA},
    Author = {P. Augustsson and K. Wolff and P. Nordin},
    Booktitle = {Proceedings of the Genetic and Evolutionary Computation Conference},
    Month = {July 9--13},
    Pages = {1279--1285},
    Publisher = {Morgan Kaufmann Publishers Inc.},
    Title = {{Creation of a Learning, Flying Robot by Means of Evolution}},
    Year = {2002}}

@inproceedings{NOLFI.PERAC1994,
    Address = {Lausanne, Switzerland},
    Author = {S. Nolfi and O. Miglino and D. Parisi},
    Booktitle = {Proceedings of the Perception to Action Conference},
    Month = {September 7--9},
    Pages = {146--157},
    Title = {{Phenotypic Plasticity in Evolving Neural Networks}},
    Year = {1994}}

@inproceedings{FICICI.EWLR1999,
    Author = {S. G. Ficici and R. A. Watson and J. B. Pollack},
    Booktitle = {Proceedings of the 8$^{th}$ European Workshop on Learning Robots},
    Editor = {J. L. Wyatt and J. Demiris},
    Pages = {14--22},
    Title = {{Embodied Evolution: A Response to Challenges in Evolutionary Robotics}},
    Year = {1999}}

@article{HORNBY.TRA2005,
    Author = {G. S. Hornby and S. Takamura and T. Yamamoto and M. Fujita},
    Journal = {Transactions on Robotics and Automation},
    Month = {June},
    Number = {3},
    Pages = {402--410},
    Title = {{Autonomous Evolution of Dynamic Gaits with Two Quadruped Robots}},
    Volume = {21},
    Year = {2005}}

@inproceedings{WATSON.CEC1999,
    Address = {Washington, DC, USA},
    Author = {R. A. Watson and S. G. Ficici and J. B. Pollack},
    Booktitle = {Proceedings of the 1999 Congress on Evolutionary Computation},
    Month = {July 6--9},
    Pages = {335--342},
    Title = {{Embodied Evolution: Embodying an Evolutionary Algorithm in a Population of Robots}},
    Volume = {1},
    Year = {1999}}

@article{GREFENSTETTE.ML1990,
    Author = {J. J. Grefenstette and C. L. Ramsey and A. C. Schultz},
    Journal = {Machine Learning},
    Month = {October},
    Number = {4},
    Pages = {355--381},
    Title = {{Learning Sequential Decision Rules Using Simulation Models and Competition}},
    Volume = {5},
    Year = {1990}}

@inproceedings{HUSBANDS.AISPHAH1992,
    Author = {P. Husbands and I. Harvey},
    Booktitle = {Proceedings of the 3$^{rd}$ Annual Conference on Artificial Intelligence, Simulation and Planning in High Autonomy Systems},
    Month = {July 8--10},
    Pages = {139--146},
    Title = {{Evolution versus Design: Controlling Autonomous Robots}},
    Year = {1992}}

@inproceedings{FLOREANO.SAB1994,
    Address = {Brighton, UK},
    Author = {D. Floreano and F. Mondada},
    Booktitle = {Proceedings of the 3$^{rd}$ International Conference on Simulation of Adaptive Behavior: from Animals to Animats 3},
    Month = {August 8--12},
    Pages = {421--430  },
    Publisher = {MIT Press},
    Title = {{Automatic Creation of an Autonomous Agent: Genetic Evolution of a Neural--Network Driven Robot}},
    Year = {1994}}

@inproceedings{YAMAUCHI.SAB1994,
    Address = {Brighton, UK},
    Author = {B. Yamauchi and R. D. Beer},
    Booktitle = {Proceedings of the 3$^{rd}$ International Conference on Simulation of Adaptive Behavior: from Animals to Animats 3},
    Editor = {D. Cliff and P. Husbands and J. Meyer and S. Wilson},
    Month = {August 8--12},
    Pages = {382--391},
    Publisher = {MIT Press},
    Title = {{Integrating Reactive, Sequential and Learning Behavior using Dynamical Neural Networks}},
    Year = {1994}}

@inproceedings{WOLFF.ICHR2001,
    Address = {Tokyo, Japan},
    Author = {K. Wolff and P. Nordin},
    Booktitle = {Proceedings of the 2$^{nd}$ IEEE--RAS International Conference on Humanoid Robots},
    Month = {November 22--24},
    Pages = {99--106},
    Title = {{Evolution of Efficient Gait with Humanoids using Visual Feedback}},
    Year = {2001}}

@inproceedings{POLLACK.ICAS2000,
    Address = {Edinburgh, Scotland, UK},
    Author = {J. B. Pollack and H. Lipson and S. G. Ficici and P. Funes and G. S. Hornby and R. A. Watson},
    Booktitle = {Proceedings of the 3$^{rd}$ International Conference on Evolvable Systems: From Biology to Hardware},
    Editor = {J. F. Miller and A. Thompson and P. Thomson and T. C. Fogarty},
    Month = {April 17--19},
    Pages = {175--186},
    Publisher = {Springer--Verlag},
    Series = {Lecture Notes In Computer Science},
    Title = {{Evolutionary Techniques in Physical Robotics}},
    Volume = {1801},
    Year = {2000}}

@inproceedings{PARKER.WAC2004,
    Address = {Seville, Spain},
    Author = {G. B. Parker and R. Georgescu and K. Northcutt},
    Booktitle = {Proceedings of the World Automation Congress},
    Month = {June 28 -- July 1},
    Pages = {279--286},
    Title = {{Continuous Power Supply for a Robot Colony}},
    Volume = {15},
    Year = {2004}}

@inproceedings{SOFGE.CIRAS2003,
    Address = {Singapore},
    Author = {D. A. Sofge and M. A. Potter and M. D. Bugajska and A. C. Schultz},
    Booktitle = {Proceedings of the 2$^{nd}$ International Conference on Computational Intelligence, Robotics, and Autonomous Systems},
    Month = {December 15-18},
    Title = {{Challenges and Opportunities of Evolutionary Robotics}},
    Year = {2003}}

@article{NOLFI.RAS1997,
    Author = {S. Nolfi},
    Journal = {Robotics and Autonomous Systems},
    Month = {December},
    Number = {3},
    Pages = {187--198},
    Title = {{Evolving Non--Trivial Behaviors on Real Robots: a Garbage Collecting Robot}},
    Volume = {22},
    Year = {1997}}

@inproceedings{SIMS.AL1994,
    Author = {K. Sims},
    Booktitle = {Proceedings of Artificial Life IV},
    Editor = {R. A. Brooks and P. Maes},
    Month = {June},
    Pages = {28--39},
    Publisher = {MIT Press},
    Title = {{Evolving 3D Morphology and Behavior by Competition}},
    Year = {1994}}

@article{LIPSON.NATURE2000,
    Author = {H. Lipson and J. B. Pollack},
    Journal = {Nature},
    Month = {August},
    Number = {6799},
    Pages = {974--978},
    Title = {{Automatic Design and Manufacture of Robotic Lifeforms}},
    Volume = {406},
    Year = {2000}}

@article{NOLFI.TCS2002,
    Author = {S. Nolfi and D. Floreano},
    Journal = {Trends in Cognitive Science},
    Month = {January},
    Number = {1},
    Pages = {31--36},
    Title = {{Synthesis of Autonomous Robots through Evolution}},
    Volume = {6},
    Year = {2002}}

@inproceedings{MONDADA.ISER1994,
    Author = {F. Mondada and E. Franzi and P. Ienne},
    Booktitle = {The 3$^{rd}$ International Symposium on Experimental Robotics III},
    Pages = {501--513},
    Publisher = {Springer--Verlag},
    Series = {Lecture Notes in Control and Information Sciences},
    Title = {{Mobile Robot Miniaturisation: A Tool for Investigation in Control Algorithms}},
    Year = {1994}}

@article{BEER.AB1992,
    Author = {R. D. Beer and J. C. Gallagher},
    Journal = {Adaptive Behavior},
    Number = {1},
    Pages = {91--122},
    Title = {{Evolving Dynamical Neural Networks for Adaptive Behavior}},
    Volume = {1},
    Year = {1992}}

@inproceedings{SAFFIOTTI.ICFS1997,
    Address = {Barcelona, Spain},
    Author = {A. Saffiotti},
    Booktitle = {Proceedings of the 6$^{th}$ IEEE International Conference on Fuzzy Systems},
    Month = {July 1--5},
    Pages = {573--578},
    Title = {{ Fuzzy Logic in Autonomous Robotics: Behavior Coordination}},
    Year = {1997}}

@article{SAFFIOTTI.SCRJ1997,
    Author = {A. Saffiotti},
    Journal = {Soft Computing Research Journal},
    Number = {4},
    Pages = {180--197},
    Title = {{The Uses of Fuzzy Logic in Autonomous Robot Navigation: a Catalogue Raisonn\'{e}}},
    Volume = {1},
    Year = {1997}}

@inproceedings{ISIK.ISIC1987,
    Author = {C. Isik},
    Booktitle = {Proceedings of IEEE International Symposium on Intelligent Control},
    Pages = {94--99},
    Title = {{Identification and Fuzzy Rule--Based Control of a Mobile Robot Motion}},
    Year = {1987}}

@article{HELLSTROM.IJVAS2006,
    Author = {T. Hellstr\"{o}m and O. Ringdahl},
    Journal = {International Journal of Vehicles Autonomous Systems},
    Number = {2--4},
    Pages = {216--224},
    Title = {{Follow the Past -- a Path Tracking Algorithm for Autonomous Vehicles}},
    Volume = {4},
    Year = {2006}}

@inproceedings{BENTO.CONTROLO2002,
    Address = {Aveiro, Portugal},
    Author = {L. Conde Bento and G. Pires and U. Nunes},
    Booktitle = {Proceedings of the 5$^{th}$ Portuguese Conference on Automatic Control (Controlo 2002)},
    Month = {September 5--7},
    Pages = {341--346},
    Title = {{A Behavior Based Fuzzy Control Architecture for Path Tracking and Obstacle Avoidance}},
    Year = {2002}}

@inproceedings{NISHIMORI.ICFLNN2002,
    Address = {Tizuka, Japan},
    Author = {K. Nishimori and H. Tokutaka and S. Hirakawa and S. Kishida and N. Ishihara},
    Booktitle = {Proceedings of the 2$^{nd}$ International Conference on Fuzzy Logic and Neural Networks},
    Pages = {421--424},
    Title = {{Comparison of Several Fuzzy Reasoning Methods on Driving Control of a Model Car}},
    Year = {1992}}

@article{TANAKA.FSS1995,
    Author = {K. Tanaka and M. Sano},
    Journal = {Fuzzy Sets and Systems},
    Month = {March},
    Number = {2--3},
    Pages = {155--170},
    Title = {{Trajectory Stabilization of a Model car via Fuzzy Control}},
    Volume = {70},
    Year = {1995}}

@article{TANAKA.FSS1992,
    Author = {K. Tanaka and M. Sugeno},
    Journal = {Fuzzy Sets and Systems},
    Month = {January},
    Number = {2},
    Pages = {135--156},
    Title = {{Stability Analysis and Design of Fuzzy Control Systems}},
    Volume = {45},
    Year = {1992}}

@inproceedings{BALZAROTTI.ISRAM1996,
    Address = {Montpellier, France},
    Author = {M. Balzarotti and G. Ulivi},
    Booktitle = {Proceedings of the World Automation Congress},
    Month = {May 27--30},
    Pages = {51--57},
    Title = {{The Fuzzy Horizons Obstacle Avoidance Method for Mobile Robots}},
    Volume = {3},
    Year = {1996}}

@inproceedings{BLOCHL.AAIC1993,
    Address = {Linz, Austria},
    Author = {B. Bl\"{o}chl},
    Booktitle = {Proceedings of the 8$^{th}$ Austrian Artificial Intelligence Conference on Fuzzy Logic in Artificial Intelligence},
    Month = {June 28--30},
    Pages = {114--125},
    Series = {Lecture Notes In Computer Science},
    Title = {{Fuzzy Control in Real--time for Vision Guided Autonomous Mobile Robots}},
    Year = {1993}}

@incollection{OLLERO.AFL1997,
    Address = {Upper Saddle River, NJ, USA},
    Author = {A. Ollero and A. Garc\'{i}a--Cerezo and J. L. Mart\'{i}nez and A. Mandow},
    Booktitle = {Applications of Fuzzy Logic: Towards High Machine Intelligence Quotient Systems},
    Editor = {M. Jamshidi and A. Titli and L. A. Zadeh and S. Boverie},
    Pages = {347--364},
    Publisher = {Prentice-Hall, Inc.},
    Title = {{Fuzzy Tracking Methods for Mobile Robots}},
    Year = {1997}}

@article{ALTROCK.FSS1992,
    Author = {C. von Altrock and B. Krause and H.-J. Zimmermann},
    Journal = {Fuzzy Sets and Systems},
    Number = {1},
    Pages = {41--52},
    Title = {{Advanced Fuzzy Logic Control of a Model Car in Extreme Situations}},
    Volume = {48},
    Year = {1992}}

@inproceedings{LI.CFS1994,
    Address = {Orlando, FL, USA},
    Author = {W. Li},
    Booktitle = {Proceedings of the 3$^{rd}$ IEEE Conference on Fuzzy Systems},
    Month = {June 26--29},
    Pages = {1626--1631},
    Title = {{ Fuzzy Logic--Based ``Perception--Action" Behavior Control of a Mobilerobot in Uncertain Environments}},
    Volume = {3},
    Year = {1994}}

@inproceedings{BAXTER.IAV1993,
    Address = {Southampton, UK},
    Author = {J. W. Baxter and J. R. Bumby},
    Booktitle = {Proceedings of the International Workshop on Intelligent Autonomous Vehicles},
    Pages = {41--52},
    Title = {{Fuzzy Logic Guidance and Obstacle Avoidance Algorithms for Autonomous Vehicle Control}},
    Year = {1993}}

@article{MAEDA.FSS1995,
    Author = {M. Maeda and M. Shimakawa and S. Murakami},
    Journal = {Fuzzy Sets and Systems},
    Month = {May},
    Number = {1},
    Pages = {51--60},
    Title = {{Predictive Fuzzy Control of an Autonomous Mobile Robot with Forecast Learning Function}},
    Volume = {72},
    Year = {1995}}

@article{YU.JAR2000,
    Author = {Y. Yu and K. Gupta},
    Journal = {Journal of Advanced Robotics},
    Month = {December},
    Number = {6},
    Pages = {515--536},
    Title = {{Sensor--Based Probabilistic Roadmaps: Experiments with and Eye--in--hand System}},
    Volume = {14},
    Year = {2000}}

@inproceedings{SANCHEZ.MICC2004,
    Address = {Mexico City, Mexico},
    Author = {A. S\'{a}nchez and R. Zapata},
    Booktitle = {Proceedings of the 5$^{th}$ Mexican International Conference in Computer Science},
    Month = {April 26--30},
    Pages = {282--288},
    Publisher = {IEEE Computer Society},
    Title = {{Sensor--Based Probabilistic Roadmaps for Car--Like Robots}},
    Year = {2004}}

@article{KAVRAKI.TRA1996,
    Author = {L. E. Kavraki and P. Svestka and J.-C. Latombe and M. H. Overmars},
    Journal = {Transactions on Robotics and Automation},
    Month = {August},
    Number = {4},
    Pages = {566--580},
    Title = {{Probabilistic Roadmaps for Path Planning in High--Dimensional Configuration Spaces}},
    Volume = {12},
    Year = {1996}}

@article{FRAICHARD.AR1998,
    Author = {T. Fraichard},
    Journal = {Advanced Robotics},
    Number = {1},
    Pages = {75--94},
    Title = {{Trajectory Planning in a Dynamic Workspace: a ``State--Time Space" Approach}},
    Volume = {13},
    Year = {1998}}

@article{KAVRAKI.JCSC1998,
    Author = {L. E. Kavraki and J.-C. Latombe and R. Motwani and P. Raghavan},
    Journal = {Journal of Computer and System Sciences},
    Month = {August},
    Number = {1},
    Pages = {50--60},
    Title = {{Randomized Query Processing in Robot Path Planning}},
    Volume = {57},
    Year = {1998}}

@techreport{XIE.REPORT2006,
    Author = {D. Xie and M. Morales and R. Pearce and S. Thomas and J.-M. Lien and N. M. Amato},
    Institution = {Department of Computer Science, Texas A\&M University},
    Month = {March},
    Number = {TR06-005},
    Title = {{Incremental Map Generation (IMG)}},
    Year = {2006}}

@techreport{LAVALLE.REPORT1998,
    Author = {S. M. LaValle},
    Institution = {Computer Science Dept., Iowa State University},
    Month = {October},
    Number = {TR98-11},
    Title = {{Rapidly--Exploring Random Trees: A New Tool for Path Planning}},
    Year = {1998}}

@inproceedings{FRAZZOLI.ACC2001,
    Address = {Arlington, VA, USA},
    Author = {E. Frazzoli and M. A. Dahleh and E. Feron},
    Booktitle = {Proceedings of the 2001 American Control Conference},
    Month = {June 25--27},
    Pages = {43--49},
    Title = {{Real--Time Motion Planning for Agile Autonomous Vehicles}},
    Volume = {1},
    Year = {2001}}

@article{HSU.IJRR2002,
    Author = {D. Hsu and J.C. Kindel and J.-C. Latombe and S. Rock},
    Journal = {The International Journal of Robotics Research},
    Number = {3},
    Pages = {233--255},
    Title = {{Randomized Kinodynamic Motion Planning with Moving Obstacles}},
    Volume = {21},
    Year = {2002}}

@inproceedings{GARTSHORE.ICARCV2002,
    Address = {Singapore},
    Author = {R. Gartshore and A. Aguado and C. Galambos},
    Booktitle = {Proceedings of the 7$^{th}$ International Conference on Control, Automation, Robotics and Vision},
    Month = {December 2--5},
    Pages = {613--618},
    Title = {{Incremental Map Building using an Occupancy Grid for an Autonomous Monocular Robot}},
    Volume = {2},
    Year = {2002}}

@conference{HIRSCMULLER.CONF2003,
    Address = {De Montfort University, Leicester, UK},
    Author = {H. Hirschm\"{u}ller},
    Booktitle = {Faculty Research Conference},
    Title = {{Real--Time Map Building from a Stereo Camera under Unconstrained 3D Motion}},
    Year = {2003}}

@article{THRUN.AR2003,
    Author = {S. Thrun},
    Journal = {Autonomous Robots},
    Month = {September},
    Number = {2},
    Pages = {111--127},
    Title = {{Learning Occupancy Grid Maps with Forward Sensor Models}},
    Volume = {15},
    Year = {2003}}

@article{BIRK.MRS2006,
    Author = {A. Birk and S. Carpin},
    Journal = {IEEE Proceedings, special issue on Multi--Robot Systems},
    Month = {July},
    Number = {7},
    Pages = {1384--1397},
    Title = {{Merging Occupancy Grid Maps from Multiple Robots}},
    Volume = {94},
    Year = {2006}}

@article{BORENSTEIN2.TRA1991,
    Author = {J. Borenstein and Y. Koren},
    Journal = {IEEE Transactions on Robotics and Automation},
    Month = {August},
    Number = {4},
    Pages = {535--539},
    Title = {{Histogramic In--Motion Mapping for Mobile Robot Obstacle Avoidance}},
    Volume = {7},
    Year = {1991}}

@inproceedings{SANKARANARAYANAN.CDC1990,
    Address = {Honolulu, HI, USA},
    Author = {A. Sankaranarayanan and M. Vidyasagar},
    Booktitle = {Proceedings of the 29$^{th}$ IEEE Conference on Decision and Control},
    Month = {December 5--7},
    Pages = {1111--1119},
    Title = {{Path Planning for Moving a Point Object Amidst Unknown Obstacles in a Plane: a New Algorithm and a General Theory for Algorithm Development}},
    Volume = {2},
    Year = {1990}}

@inproceedings{KAMON.HRICR1995,
    Address = {Pittsburgh, PA, USA},
    Author = {I. Kamon and E. Rivlin},
    Booktitle = {Proceedings of the 1995 IEEE/RSJ International Conference on Human Robot Interaction and Cooperative Robots},
    Month = {August 5--9},
    Pages = {435--440},
    Title = {{Sensory Based Motion Planning with Global Proofs}},
    Volume = {2},
    Year = {1995}}

@inproceedings{NOBORIO.JAS1990,
    Author = {H. Noborio},
    Booktitle = {Proceedings of the Japan--USA Symposium on Flex},
    Pages = {477--480},
    Title = {{A Path--Planning Algorithm for Generation of an Intuitively Reasonable Path in a Uncertain 2D Workspace}},
    Volume = {2},
    Year = {1990}}

@article{NG.JIRS2007,
    Author = {J. Ng and T. Br\"{a}unl},
    Journal = {Journal of Intelligent and Robotic Systems},
    Month = {September},
    Number = {1},
    Pages = {73--84},
    Title = {{Performance Comparison of Bug Navigation Algorithms}},
    Volume = {50},
    Year = {2007}}

@misc{DARPA.2004,
    Howpublished = {http://www.darpa.mil/grandchallenge04/},
    Title = {{DARPA Grand Challenge 2004}},
    Year = {2004}}

@misc{DARPA.2005,
    Howpublished = {http://www.darpa.mil/grandchallenge05/},
    Title = {{DARPA Grand Challenge 2005}},
    Year = {2005}}

@misc{Gamebots.Web,
    Howpublished = {Gamebots, http://gamebots.sourceforge.net/}}

@misc{DARPA.2007,
    Howpublished = {http://www.darpa.mil/GRANDCHALLENGE/index.asp},
    Title = {{DARPA Urban Challenge 2007}},
    Year = {2007}}

@inproceedings{PIRES.WAMC1998,
    Author = {G. Pires and R. Araujo and U. Nunes and A. T. de Almeida},
    Booktitle = {5$^{th}$ International Workshop on Advanced Motion Control},
    Month = {June--July},
    Pages = {536--541},
    Title = {{RobChair -- a Powered Wheelchair using a Behaviour--Based Navigation}},
    Year = {1998}}

@inproceedings{SCHLENOFF.IJCAI03,
    Author = {C. Schlenoff and R. Madhavan and S. Balakirsky},
    Booktitle = {Proceedings of the Workshop on Issues in Designing Physical Agents for Dynamic Real--Time Environments: World modeling, planning, learning, an communicating   at the International Joint Conference on Artificial Intelligence (IJCAI--03)},
    Date-Modified = {2008-09-01 00:18:13 -0400},
    Keywords = {IJCAI},
    Pages = {71--79},
    Title = {{An Approach to Predicting the Location of Moving Objects During On--Road Navigation}},
    Year = {2003}}

@book{GAZI.NML01,
    Address = {New York, NY},
    Author = {V. Gazi and M. Moore and K. Passino and W. Shackleford and F. Proctor},
    Isbn = {0471435651},
    Month = {June},
    Publisher = {{John Wiley \& Sons Inc.}},
    Title = {{The RCS Handbook: Tools for Real-Time Control Systems Software Development}},
    Year = {2001}}

@article{MADHAVAN.IJCAS05,
    Author = {R. Madhavan and C. Schlenoff},
    Journal = {{International Journal of Control, Automation and Systems}},
    Number = {4},
    Pages = {509--523},
    Title = {{The Effect of Process Models on Short-term Prediction of Moving Objects for Unmanned Ground Vehicle Navigation}},
    Volume = {3},
    Year = {2005}}

@book{MAYBECK.BOOK79,
    Address = {New York, NY},
    Author = {P. Maybeck},
    Month = {June},
    Publisher = {{Academic Press}},
    Title = {{Stochastic Models, Estimation, and Control Vol. 1}},
    Year = {1979}}

@techreport{SCHLENOFF.REPORT2004,
    Address = {Gaithersburg, MD},
    Author = {C. Schlenoff and S. Balakirsky and A. Barbera and C. Scrapper and J. Ajot and E. Hui and M. Paredes},
    Institution = {{National Institute of Standards and Technology}},
    Month = {July},
    Number = {NISTIR 7136},
    Title = {{The NIST Road Network Database: Version 1.0}},
    Year = {2004}}

@conference{TASCA.ADC96,
    Author = {L. Tasca},
    Booktitle = {{Aggressive Driving Conference}},
    Title = {{A Review of the Literature on Aggressive Driving Research}},
    Year = {1996}}

@inproceedings{SCHLENOFF.SPIE2007,
    Address = {Orlando, FL, USA},
    Author = {C. Schlenoff and Z. Kootbally and R. Madhavan},
    Booktitle = {Proceedings of the 2007 SPIE Defense and Security Symposium, Unmanned Systems Technology IX},
    Date-Modified = {2008-09-01 00:18:24 -0400},
    Editor = {G. R. Gerhart and D. W. Gage and C. M. Shoemaker},
    Keywords = {SPIE},
    Month = {April 9--13},
    Publisher = {SPIE},
    Title = {{Driver Aggressivity Analysis within the Prediction In Dynamic Environments (PRIDE) Framework}},
    Volume = {6561},
    Year = {2007}}

@inproceedings{LEWIS.HCI03,
    Address = {Crete, Greece},
    Author = {M. Lewis and K. Sycara and I. Nourbakhsh},
    Booktitle = {{Proceedings of the International Conference on Human Computer Interaction (HCI)}},
    Month = {June 22--27},
    Pages = {270--274},
    Title = {{Developing a Testbed for Studying Human--Robot Interaction in Urban Search and Rescue}},
    Year = {2003}}

@inproceedings{MADHAVAN.SPIE2003,
    Address = {Orlando, FL, USA},
    Author = {R. Madhavan and C. Schlenoff},
    Booktitle = {Proceedings of the SPIE's 17$^{th}$ Annual International Symposium on Aerospace/Defense Sensing, Simulation, and Controls: Unmanned Ground Vehicle Technology V},
    Date-Modified = {2008-09-01 00:17:46 -0400},
    Keywords = {SPIE},
    Month = {April},
    Pages = {134--145},
    Title = {{Moving Object Prediction for Off--road Autonomous Navigation}},
    Volume = {5083},
    Year = {2003}}

@book{MAYBECK.Book1979,
    Address = {New York, NY, USA},
    Author = {P. Maybeck},
    Publisher = {Academic Press},
    Title = {{Stochastic Models, Estimation, and Control Vol. 1}},
    Volume = {141},
    Year = {1979}}

@techreport{ALBUS.REPORT2002,
    Address = {100 Bureau Dr., 20899 Gaithersburg, MD, USA},
    Author = {J. Albus and H.-M. Huang and E. Messina and K. Murphy and M. Juberts and A. Lacaze and S. Balakirsky and M. Shneier and T. H. Hong and H. Scott and F. Proctor and W. Shackleford and J. Michaloski and A. Wavering and T. Kramer and N. Dagalakis and W. Rippey and K. Stouffer and S. Legowik and J. Evans and R. Bostelman and R. Norcross and A. Jacoff and S. Szabo and J. Falco and R. Bunch and J. Gilsinn and T. Chang and T.-M. Tsai},
    Institution = {National Institute of Standards and Technology},
    Number = {NISTIR 6910},
    Title = {{4D/RCS: A Reference Model Architecture For Unmanned Vehicle Systems Version 2.0}},
    Year = {2002}}

@techreport{ALBUS.4DRCS,
    Address = {{Gaithersburg, MD, USA}},
    Author = {J. Albus and S. Balakirsky and R. Bostelman and R. Bunch and T. Chang and N. Dagalakis and J. Falco and R. Finkelstein and J. Gilsinn and T. H. Hong and H.-M. Huang and A. Jacoff and M. Juberts and T. Kramer and A. Lacaze and S. Legowik and E. Messina and J. Michaloski and K. Murphy and R. Norcross and F. Proctor and W. Rippey and H. Scott and W. Shackleford and M. Shneier and K. Stouffer and S. Szabo and A. Wavering},
    Institution = {{National Institute of Standards and Technology}},
    Number = {NISTIR 6910},
    Title = {{4D/RCS Version 2.0: A Reference Model Architecture for Unmanned Vehicle Systems}},
    Year = {2002}}

@inproceedings{SHOEMAKER.SPIE1999,
    Address = {Orlando, FL, USA},
    Author = {C. M. Shoemaker and J. A. Bornstein and S. D. Myers and B. E. Brendle Jr.},
    Booktitle = {Proceedings of SPIE, AeroSense Session on Unmanned Ground Vehicle Technology},
    Month = {April 7--8},
    Pages = {202--211},
    Title = {{Demo III: Department of Defense Testbed for Unmanned Ground Mobility}},
    Volume = {3693},
    Year = {1999}}

@inproceedings{BORNSTEIN.SPIE2002,
    Address = {Orlando, FL,USA},
    Author = {J. A. Bornstein},
    Booktitle = {Proceedings of SPIE, AeroSense Session on Unmanned Ground Vehicle Technology},
    Month = {April 1--5},
    Pages = {118--127},
    Title = {{Army Ground Robotics Research Program}},
    Volume = {4715},
    Year = {2002}}

@techreport{ANDERSON.OTBSAF2005,
    Address = {Aberdeen Proving Ground, MD 21005-5066},
    Author = {R. D. Anderson and M. Van Hoang Baranoski},
    Institution = {U.S. Army Research Laboratory, Weapons and Materials Research Directorate},
    Month = {May 1},
    Number = {ARL--TN--0242},
    Title = {{OneSAF Test Bed (OTBSAF) Automation}},
    Type = {Final},
    Year = {2005}}

@article{SCHLENOFF.ICAE2005,
    Author = {C. Schlenoff and J. Ajot and R. Madhavan},
    Journal = {Integrated Computer--Aided Engineering},
    Month = {July},
    Number = {3},
    Pages = {263--277},
    Title = {{Performance Evaluation of Autonomous Vehicle Navigation in Dynamic, On--road Environments}},
    Volume = {12},
    Year = {2005}}

@article{KALMAN.JBE1960,
    Author = {R. E. Kalman},
    Journal = {Transactions of the ASME--Journal of Basic Engineering},
    Number = {Series D},
    Pages = {35--45},
    Title = {{A New Approach to Linear Filtering and Prediction Problems}},
    Volume = {82},
    Year = {1960}}

@article{KALMAN.JBE1961,
    Author = {R. E. Kalman and R. S. Bucy},
    Journal = {Journal of Basic Engineering},
    Number = {Series D},
    Pages = {95--108},
    Title = {{New Results in Linear Filtering and Prediction Theory}},
    Volume = {83},
    Year = {1961}}

@inproceedings{JACOFF.FLAIRS2001,
    Address = {Key West, FL, USA},
    Author = {A. Jacoff and E. Messina and J. Evans},
    Booktitle = {Proceedings of the 14$^{th}$ International Florida Artificial Intelligence Research Society Conference},
    Month = {May 21--23},
    Pages = {499--503},
    Title = {{A Reference Test Course for Urban Search and Rescue Robots}},
    Year = {2001}}

@inproceedings{ADOBBATI.IWI2001,
    Address = {Montreal, Canada},
    Author = {R. Adobbati and A. N. Marshall and A. Scholer and S. Tejada and G. A. Kaminka and S. Schaffer and C. Sollitto},
    Booktitle = {Proceedings of 2$^{nd}$ International Workshop on Infrastructure, MAS and MAS Scalability},
    Editor = {Omer Rana and Tom Wagner},
    Title = {{Gamebots: a 3D Virtual World Test--Bed for Multi--Agent Research}},
    Year = {2001}}

@inproceedings{BALAKIRSKY.KIMAS2005,
    Address = {Waltham, MA, USA},
    Author = {S. Balakirsky and C. Scrapper and E. Messina},
    Booktitle = {International Conference on Integration of Knowledge Intensive Multi--Agent Systems},
    Month = {April 18--21},
    Pages = {175--180},
    Title = {{Mobility open Architecture Simulation and Tools Environment}},
    Year = {2005}}

@conference{TASCA.ADC1996,
    Author = {L. Tasca},
    Booktitle = {{Aggressive Driving Conference}},
    Title = {{A Review of the Literature on Aggressive Driving Research}},
    Year = {1996}}

@techreport{DriverEducation,
    Address = {300 North Washington Street, Alexandria, Virginia 22314},
    Author = {J. McKnight and B. B. Adams},
    Institution = {Human Resources Research Organization (HumRRO)},
    Keywords = {Driving Behaviors, Task Analysis, Task Criicality, Knowledges and Skills},
    Month = {November},
    Number = {70-103},
    Title = {{Driver Education Task Analysis Volume 1: Task Descriptions}},
    Type = {Final Report},
    Year = {1970}}

@inproceedings{KOOTBALLY.SIMA06,
    Address = {Washington DC},
    Author = {Z. Kootbally and R. Madhavan and C. Schlenoff},
    Booktitle = {{Proceedings of the IEEE Workshop on Situation Management (SIMA), Military Communications Conference}},
    Date-Modified = {2008-09-01 00:18:50 -0400},
    Keywords = {SIMA},
    Month = {October},
    Title = {{Prediction in Dynamic Environments via Identification of Critical Time Points}},
    Year = {2006}}

@inproceedings{SCHLENOFF.ICRA2006,
    Address = {Orlando, FL, USA},
    Author = {C. Schlenoff and R. Madhavan and Z. Kootbally},
    Booktitle = {Proceedings of the 2006 International Conference on Robotic Applications (ICRA)},
    Date-Modified = {2008-09-01 00:18:01 -0400},
    Keywords = {ICRA},
    Month = {May 15--19},
    Pages = {2348--2353},
    Title = {{PRIDE: A Hierarchical, Integrated Prediction Framework for Autonomous On--Road Driving}},
    Year = {2006}}

@inproceedings{MADHAVAN.ICARCV2006,
    Author = {R. Madhavan and Z. Kootbally and C. Schlenoff},
    Booktitle = {Proceedings of the IEEE International Conference on Control, Automation, Robotics and Computer Vision (ICARCV)},
    Date-Modified = {2008-09-01 00:17:34 -0400},
    Keywords = {ICARCV},
    Month = {December 05--08},
    Pages = {1690--1695},
    Title = {{Prediction in Dynamic Environments for Autonomous On-Road Driving}},
    Year = {2006}}

@inproceedings{SHIHABI.ICAA2001,
    Address = {Montreal, Quebec, Canada },
    Author = {T. Al--Shihabi and R. R. Mourant},
    Booktitle = {Proceedings of the 5$^{th}$ International Conference on Autonomous Agents},
    Pages = {286--291},
    Publisher = {ACM},
    Title = {{A Framework for Modeling Human--like Driving Behaviors for Autonomous Vehicles in Driving Simulators}},
    Year = {2001}}

@PHDTHESIS{REECE.PHD1992,
  AUTHOR =       {D. A. Reece},
  TITLE =        {{Selective Perception for Robot Driving}},
  SCHOOL =       {Carnegie Mellon University},
  YEAR =         {1992},
  address =      {Pittsburgh, PA, USA},
  month =        {May},
}


@ARTICLE{ENDSLEY.IJAP1993,
  AUTHOR =       {M. R. Endsley},
  TITLE =        {{A Survey of Situation Awareness Requirements in Air--to--Air Combat Fighters}},
  JOURNAL =      {International Journal of Aviation Psychology},
  YEAR =         {1993},
  volume =       {3},
  number =       {2},
  pages =        {157--168},
  month =        {April},
}

@ARTICLE{HOGG.ERGONOMICS1995,
  AUTHOR =       {D. N. Hogg and K. Folles and F. Strand-Volden and B. Torralba},
  TITLE =        {{Development of a Situation Awareness Measure to Evaluate Advanced Alarm Systems in Nuclear Power Plant Control Rooms}},
  JOURNAL =      {Ergonomics},
  YEAR =         {1995},
  volume =       {38},
  number =       {11},
  pages =        {2394--2413},
  month =        {November},
}

@ARTICLE{GABA.HF1995,
  AUTHOR =       {D. M. Gaba and S. K. Howard and S. D. Small},
  TITLE =        {{Situation Awareness in Anesthesiology}},
  JOURNAL =      {Human Factors},
  YEAR =         {1995},
  volume =       {37},
  number =       {1},
  pages =        {20--31},
}

@article{GUGERTY.JEP1997,
    Author = {L. J. Gugerty},
    Journal = {Journal of Experimental Psychology: Applied},
    Month = {March},
    Number = {1},
    Pages = {42--66},
    Title = {{Situation Awareness during Driving: Explicit and Implicit Knowledge in Dynamic Spatial Memory}},
    Volume = {3},
    Year = {1997}}

@inbook{CHAPMAN.VV1999,
    Author = {P. R. Chapman and R. Ismail and G. Underwood},
    Chapter = {{Waking up at the Wheel: Accidents, Attention and the Time-Gap Experience}},
    Editor = {A. G. Gale and I. D. Brown and C. M. Haslegrove and S. P. Taylor},
    Pages = {131--138},
    Publisher = {Elsevier},
    Title = {Vision in Vehicles VII},
    Year = {1999}}

    @misc{ROLLS.AA1992,
    Author = {G. Rolls and R. Ingham},
    Howpublished = {Basingstoke: AA Foundation for Road Safety Research},
    Keywords = {Situation Awareness},
    Title = {{`Safe' and `Unsafe' -- A Comparative Study of Younger Male Drivers}},
    Year = {1992}}

    @article{UNDERWOOD.ERGONOMICS2003,
    Author = {G. Underwood and P. R. Chapman and N. Brocklehurst and J. Underwood and D. Crundall},
    Journal = {Ergonomics},
    Month = {May},
    Number = {6},
    Pages = {629--646},
    Title = {{Visual Attention while Driving: Sequences of Eye Fixations Made by Experienced and Novice Drivers}},
    Volume = {46},
    Year = {2003}}

    @article{ENDSLEY.JAP1994,
    Author = {M. R. Endsley and C. A. Bolstad},
    Journal = {International Journal of Aviation Psychology},
    Keywords = {Situation Awareness},
    Month = {July},
    Number = {3},
    Pages = {241--264},
    Title = {{Individual Differences in Pilot Situation Awareness }},
    Volume = {4},
    Year = {1994}}


    @techreport{FRACKER.TECHREP1991,
    Author = {M. L. Fracker and S. A. Davis},
    Institution = {Air Force Systems Command Wright--Patterson Air Force Base},
    Month = {October},
    Number = {AL--TR--1991--0091},
    Title = {{Explicit, Implicit, and Subjective Rating Measures of Situation Awareness in a Monitoring Task}},
    Year = {1991}}

    @inproceedings{BEUSMANS.ICEAMSA1995,
    Author = {J. M. Beusmans and V. Aginsky and C. L. Harris and R. A. Rensink},
    Booktitle = {Proceedings of the International Conference on Experimental Analysis and Measurement of Situation Awareness},
    Month = {1--3 November},
    Pages = {245--251},
    Title = {{Analyzing Situation Awareness During Wayfinding in a Driving Simulator}},
    Year = {1995}}

@conference{SMART.ACITA2007,
    Author = {P. R. Smart and A. Bahrami and D. Braines and D. McRae-Spencer and J. Yuan and Shadbolt, N. R.},
    Booktitle = {1$^{st}$ Annual Conference of the International Technology Alliance (ACITA)},
    Month = {25--27 September},
    Title = {{Semantic Technologies and Enhanced Situation Awareness}},
    Year = {2007}}

@article{ENDSLEY.HF1995,
    Author = {M. R. Endsley},
    Journal = {Human Factors: The Journal of the Human Factors and Ergonomics Society},
    Month = {March},
    Number = {1},
    Pages = {32--64},
    Title = {{Toward a Theory of Situation Awareness in Dynamic Systems}},
    Volume = {37},
    Year = {1995}}

    @inproceedings{ENDSLEY.HFS1988,
    Author = {M. R. Endsley},
    Booktitle = {Proceedings of the Human Factors Society 32 $^{nd}$ Annual Meeting},
    Pages = {97--101},
    Title = {{Design and Evaluation for Situation Awareness Enhancement}},
    Volume = {1},
    Year = {1988}}

    @INPROCEEDINGS{ADAMS.HSIS2007,
  AUTHOR =       {J. A. Adams},
  TITLE =        {{Unmanned Vehicle Situation Awareness: A Path Forward}},
  BOOKTITLE =    {Proceedings of the 2007 Human Systems Integration Symposium},
  YEAR =         {2007},
  Month =        {19--21 March},
}


@ARTICLE{CHAN.TRR2005,
  AUTHOR =       {C.-Y. Chan and D. Ragland and S. E. Shladover and J. Misener and D. Marco},
  TITLE =        {{Observations of Driver Time Gap Acceptance at Intersections in Left--Turn Across--Path Opposite Direction Scenarios}},
  JOURNAL =      {Transportation Research Record},
  YEAR =         {2005},
  volume =       {1910},
  pages =        {10--19},
  month =        {January},
}

@ARTICLE{SAPLIN.TRR1995,
  AUTHOR =       {L. Saplin},
  TITLE =        {{Simulator and Field Measures of Driver Age Differences in Left--turn Gap Judgments}},
  JOURNAL =      {Transportation Research Record},
  YEAR =         {1995},
  volume =       {1485},
  pages =        {49--55},
}

@ARTICLE{ALEXANDER.AAP2002,
  AUTHOR =       {J. Alexander and P. Barham and I. Black},
  TITLE =        {{Factors Influencing the Probability of an Incident at a Junction: Results from an Interactive Driving Simulator}},
  JOURNAL =      {Accident Analysis and Prevention},
  YEAR =         {2002},
  volume =       {34},
  number =       {6},
  pages =        {779--792},
}

@ARTICLE{TANMJCS.1996,
  AUTHOR =       {K. K. Tan and M. Khalid and R. Yusof},
  TITLE =        {{Intelligent Traffic Lights Control by Fuzzy Logic}},
  JOURNAL =      {Malaysian Journal of Computer Science},
  YEAR =         {1996},
  volume =       {9},
  number =       {2},
  pages =        {29--35},
  month =        {December},
}

@ARTICLE{HUANGCJAA.2006,
  AUTHOR =       {Y.-S. Huang},
  TITLE =        {{Design of Traffic Light Control Systems Using Statecharts}},
  JOURNAL =      {The Computer Journal},
  YEAR =         {2006},
  volume =       {49},
  number =       {6},
  pages =        {634--649},
  month =        {November},
}

@INPROCEEDINGS{DRESNER.NCAI2006,
  AUTHOR =       {K. Dresner and P. Stone},
  TITLE =        {{Traffic Intersections of the Future}},
  BOOKTITLE =    {Proceedings of the 21st National Conference on Artificial Intelligence},
  YEAR =         {2006},
  pages =        {1593--1596},
  address =      {Boston, MA, USA},
  month =        {July},
  note =         {Part of the NECTAR Track},
}

@INPROCEEDINGS{NAUMANN.ISATA1997,
  AUTHOR =       {R. Naumann and R. Rasche},
  TITLE =        {{Intersection Collision Avoidance by Means of Decentralized Security and Communication Management of Autonomous Vehicles}},
  BOOKTITLE =    {Proceedings of the 30th ISATA-ATT/IST Conference},
  YEAR =         {1997},
  address =      {Florence, Italy},
  month =        {July},
}

@ARTICLE{HALLE.JTR2005,
  AUTHOR =       {S. Hall\'{e} and B. Chaib-draa},
  TITLE =        {{A Collaborative Driving System Based on Multiagent Modelling and Simulations}},
  JOURNAL =      {Journal of Transportation Research. Part C, Emerging Technologies},
  YEAR =         {2005},
  volume =       {13},
  number =       {4},
  pages =        {320--345},
}

@INPROCEEDINGS{DONIEC.EUMAS2005,
  AUTHOR =       {A. Doniec and S. Espi{\'e} and R. Mandiau and S. Piechowiak},
  TITLE =        {{Dealing with Multi-Agent Coordination by Anticipation: Application to the Traffic Simulation at Junctions}},
  BOOKTITLE =    {Proceedings of the 3rd European Workshop on Multi-Agent Systems (EUMAS 05)},
  YEAR =         {2005},
  pages =        {478--489},
}

@ARTICLE{SAFFIOTTI.AIJ1995,
  AUTHOR =       {A. Saffiotti and K. Konolige and E. H. Ruspini},
  TITLE =        {{A Multivalued-Logic Approach to Integrating Planning and Control}},
  JOURNAL =      {Artificial Intelligence},
  YEAR =         {1995},
  volume =       {76},
  number =       {1-2},
  pages =        {481--526},
  note =         {Online at http://www.aass.oru.se/\~{}asaffio/},
  keywords =     {Robotics, Autonomy, Navigation, Fuzzy Logic, Fuzzy Control, Dynamic Systems},
}


@ARTICLE{HU.IR2001,
  AUTHOR =       {H. Hu and D. Gu},
  TITLE =        {{Reactive Behaviours and Agent Architecture for Sony Legged Robots to Play Football}},
  JOURNAL =      {Industrial Robot: An International Journal},
  YEAR =         {2001},
  volume =       {28},
  number =       {1},
  pages =        {45--54},
  keywords =     {Architecture,  Entertainment,  Football,  Robots},
}

@INPROCEEDINGS{VOUDOURIS.IAV1995,
  AUTHOR =       {C. Voudouris and P. Chernett and C. J. Wang and V. Callaghan},
  TITLE =        {{Hierarchical Behavioural Control for Autonomous Vehicles}},
  BOOKTITLE =    {Proceedings of the 2$^{nd}$ IFAC International Conference on Intelligent Autonomous Vehicles},
  YEAR =         {1995},
  pages =        {267--272},
  address =      {Espoo, Finland},
  month =        {June},
  organization = {Helsinki University of Technology},
}

@INPROCEEDINGS{BEOM.IROS1992,
  AUTHOR =       {H. R. Beom and H. S. Cho},
  TITLE =        {{A Sensor-based Obstacle Avoidance Controller for a Mobile Robot Using Fuzzy Logic and Neural Network}},
  BOOKTITLE =    {Proceedings of the 1992 IEEE/RSJ International Conference on Intelligent Robots and Systems},
  YEAR =         {1992},
  volume =       {2},
  pages =        {1470--1475},
  month =        {July},
}

@BOOK{DRIANKOV.BOOK2001,
  AUTHOR =       {D. Driankov and A. Saffiotti},
  TITLE =        {{Fuzzy Logic Techniques for Autonomous Vehicle Navigation}},
  PUBLISHER =    {Springer-Phisica Verlag},
  YEAR =         {2001},
  series =       {Studies in Fuzziness and Soft Computing},
  isbn =         {ISBN 3-7908-1341-9},
}

@CONFERENCE{ZADEH.ICASSP1994,
  author =       {L. A. Zadeh},
  title =        {{Fuzzy Logic: Issues, Contentions and Perspectives}},
  booktitle =    {IEEE International Conference on Acoustics, Speech, and Signal Processing},
  year =         {1994},
  volume =       {5},
  pages  =       {183vol.6-181},
}

@ARTICLE{Zadeh.IC65,
  AUTHOR =       {L. A. Zadeh},
  TITLE =        {Fuzzy Sets},
  JOURNAL =      {{Information and Control}},
  YEAR =         {1965},
  volume =       {8},
  pages =        {338--353},
}

@MASTERSTHESIS{GOLCONDA.MASTER2005,
  AUTHOR =       {S. Golconda},
  TITLE =        {{Steering Control for a Skid-Steered Autonomous Ground Vehicle at Varying Speed}},
  SCHOOL =       {University of Louisiana at Lafayette},
  YEAR =         {2005},
  address =      {Lafayette, Louisiana 70504, USA},
  month =        {February 23},
}


@TECHREPORT{HOOGENDOORN.REPORT1999,
  AUTHOR =       {S. Hoogendoorn and S. Hoogendoorn-Lanser and H. Schuurman},
  TITLE =        {{Fuzzy perspectives in traffic engineering}},
  INSTITUTION =  {TRAIL Research School},
  YEAR =         {1999},
  type =         {Research},
  address =      {Delft, the Netherlands},
}

@BOOK{ALBUS.BOOK2000,
  AUTHOR =       {J. Albus and A. Meystel},
  TITLE =        {{Engineering of Mind: An Introduction to the Science of Intelligence Systems}},
  PUBLISHER =    {John Wiley and Sons},
  YEAR =         {2000},
  address =      {New York},
}

@UNPUBLISHED{SHACKELFORD.RCS,
  AUTHOR =       {W. Shackleford},
  TITLE =        {{Real-time Control System Library: Software and Documentation}},
  NOTE =         {http://www.isd.mel.nist.gov/projects/rcslib},
}

@INPROCEEDINGS{ALBUS.SPIE2002,
  AUTHOR =       {J. Albus},
  TITLE =        {{4D/RCS: A Reference Model Architecture for Intelligent Unmanned Ground Vehicles}},
  BOOKTITLE =    {Proceedings of SPIE Aerosense Conference},
  YEAR =         {2002},
  editor =       {G. R. Gerhart and C. M. Shoemaker and D. W. Gage},
  volume =       {4715},
  pages =        {303--310},
  address =      {Orlando, FL, USA},
  month =        {1--5 April},
}

@ARTICLE{FOX.JAIR.2003,
  author = {M. Fox and D. Long},
  title = {PDDL2.1: An Extension to PDDL for Expressing Temporal Planning Domains},
  journal = {Journal of Artificial Intelligence Research (JAIR)},
  year = {2003},
  volume = {20},
  pages = {61--124},
  number = {1},
  month = {December}
}

@INPROCEEDINGS{Wolter.KR.2000,
  author = {F. Wolter and M. Zakharyaschev},
  title = {Spatio-temporal Representation and Reasoning Based on RCC-8},
  booktitle = {Proceedings of the 7th Conference on Principles of Knowledge Representation
	and Reasoning},
  year = {2000},
  series = {KR2000},
  pages = {3--14},
  publisher = {Morgan Kaufmann}
}
