@BOOK{NAU.2004,
  AUTHOR =       {Nau, Dana and Ghallab, Malik and Traverso, Paolo},
  TITLE =        {Automated Planning: Theory \& Practice},
  PUBLISHER =    {Morgan Kaufmann Publishers Inc.},
  YEAR =         {2004},
  address =      {San Francisco, CA, USA},
}

@TECHREPORT{PDDL,
  author = {Ghallab, M. and Howe, A. and Knoblock, C. and McDermott, D. and Ram,
	A. and Veloso, M. and Weld, D. and Wilkins, D.},
  title = {{PDDL--The Planning Domain Definition Language}},
  institution = {Yale},
  year = {1998},
  number = {CVC TR98-003/DCS TR-1165},
  owner = {stephen},
  timestamp = {2012.02.29}
}
