@Book{NAGEL.1991,
 title = {{21st Century Manufacturing Enterprise Strategy: An Industry-Led View}},
 publisher = {Diane Pub Co},
 year = {1991},
 author = {R.N. Nagel and  R. Dove},
 address = {Iacocca Institute of Lehigh University, USA},
}

@Article{YOUSSEF.1992,
 author = {M.A. Youssef},
 title = {{Agile Manufacturing: a Necessary Condition for Competing in Global Markets}},
 journal = {Industrial Engineering},
 year = {1992},
 OPTpages = {18--20},
 OPTmonth = {December},
}

@ARTICLE{SANCHEZ.IJPR.2001,
  AUTHOR =       {L.M. Sanchez and R. Nagi},
  TITLE =        {{A Review of Agile Manufacturing Systems}},
  JOURNAL =      {International Journal of Production Research},
  YEAR =         {2001},
  volume =       {39},
  number =       {16},
  pages =        {3561--3600},
}

@ARTICLE{SHERIDAN.1993,
  AUTHOR =       {J.H. Sheridan},
  TITLE =        {{Agile Manufacturing: Stepping beyond Lean Production}},
  JOURNAL =      {Industry Week},
  YEAR =         {1993},
  volume =       {8},
  number =       {242},
  pages =        {30--46},
}

@ARTICLE{Struebing.1995,
  AUTHOR =       {L. Struebing},
  TITLE =        {{New Approach to Agile Manufacturing}},
  JOURNAL =      {Quality Progress},
  YEAR =         {1995},
  volume =       {12},
  number =       {28},
  pages =        {18--19},
}

@ARTICLE{Dahmardeh.2010,
  AUTHOR =       {N. Dahmardeh and S.A. Banihashemi},
  TITLE =        {{Organizational Agility and Agile Manufacturing}},
  JOURNAL =      {European Journal of Economics, Finance and Administrative Sciences},
  YEAR =         {2010},
  number =       {27},
  pages =        {178--184},
  month =        {December},
}

@ARTICLE{Maskell.2001,
  AUTHOR =       {B. Maskell},
  TITLE =        {{The Age of Agile Manufacturing}},
  JOURNAL =      {International Journal of Supply Chain Management},
  YEAR =         {2001},
  volume =       {6},
  number =       {1},
  pages =        {5--11},
}

@ARTICLE{GUNASEKARAN.1999,
  AUTHOR =       {A. Gunasekaran},
  TITLE =        {{Agile Manufacturing: A Framework for Research and Development}},
  JOURNAL =      {International Journal of Production Economics},
  YEAR =         {1999},
  volume =       {62},
  pages =        {87--105},
}

@ARTICLE{SHARIFI.1999,
  AUTHOR =       {H. Sharifi and Z. Zhang},
  TITLE =        {{A Methodology for Achieving Agility in Manufacturing Organizations: An Introduction}},
  JOURNAL =      {International Journal of Production Economics},
  YEAR =         {1999},
  volume =       {62},
  pages =        {7--22},
}

@MISC{KIDD.2000,
  author =       {P. Kidd},
  title =        {{Two Definitions of Agility}},
  howpublished = {http://www.cheshirehenbury.com/agility/twodefinitions.html},
  year =         {2000},
}

@ARTICLE{Goyaland.MSOM.2011,
  AUTHOR =       {M. Goyaland and S. Netessine},
  TITLE =        {{Volume Flexibility, Product Flexibility, or Both: The Role of Demand Correlation and Product Substitution}},
  JOURNAL =      {Manufacturing \& Service Operations Management},
  YEAR =         {2011},
  volume =       {13},
  number =       {2},
  pages =        {180--193},
  month =        {April},
}

@ARTICLE{Jaikumar.HBR.1986,
  AUTHOR =       {R. Jaikumar},
  TITLE =        {{Postindustrial Manufacturing}},
  JOURNAL =      {Harvard Business Review},
  YEAR =         {1986},
  volume =       {64},
  number =       {6},
  pages =        {69--76},
  month =        {November},
}

@ARTICLE{Dertouzos.MIT.1990,
  AUTHOR =       {M.L. Dertouzos and R.K. Lester and R.M. Solow},
  TITLE =        {{Made in America: Regaining the Productive Edge}},
  JOURNAL =      {MIT Press},
  YEAR =         {1990},
  volume =       {19},
  number =       {4},
  pages =        {401--403},
  month =        {August},
}

@ARTICLE{CHANG.JIE.1993,
  AUTHOR =       {M-H. Chang},
  TITLE =        {{Flexible Manufacturing, Uncertain Consumer Tastes, and Strategic Entry Deterrence}},
  JOURNAL =      {The Journal of Industrial Economics},
  YEAR =         {1993},
  volume =       {41},
  number =       {1},
  pages =        {77--90},
  month =        {March},
}

@TECHREPORT{Baker.1996,
  AUTHOR =       {J. Baker},
  TITLE =        {{Agility and Flexibility: What's the Difference?}},
  INSTITUTION =  {Operations Management Group, Cranfield School of Management},
  YEAR =         {1996},
  type =         {Working Paper},
  address =      {Cranfield University, Cranfield, Bedfort MK43 0AL},
  month =        {May},
}

@ARTICLE{Gervin.1987,
  AUTHOR =       {D. Gervin},
  TITLE =        {{Manufacturing Flexibility: A Strategic Perspective}},
  JOURNAL =      {International Journal of Operations and Production Management},
  YEAR =         {1987},
  volume =       {7},
  number =       {1},
  pages =        {38--49},
}

@INPROCEEDINGS{Buzacott.1982,
  AUTHOR =       {J. Buzacott},
  TITLE =        {{The Fundamental Principles of Flexibility in Manufacturing Systems}},
  BOOKTITLE =    {1st International Conference on Flexible Manufacturing Systems},
  YEAR =         {1982},
  address =      {Brighton, UK},
  month =        {October},
}

@PHDTHESIS{Mandelbaum.1978,
  AUTHOR =       {M. Mandelbaum},
  TITLE =        {{Flexibility in Decision Making}},
  SCHOOL =       {University of Toronto},
  YEAR =         {1978},
  address =      {Toronto},
}

@ARTICLE{Slack.1988,
  AUTHOR =       {N. Slack},
  TITLE =        {{Manufacturing Systems Flexibility -- An Assessment Procedure}},
  JOURNAL =      {Computer-Integrated Manufacturing Systems},
  YEAR =         {1988},
  volume =       {1},
  number =       {1},
  pages =        {25--31},
  month =        {February},
}

@ARTICLE{Slack.1983,
  AUTHOR =       {N. Slack},
  TITLE =        {{Flexibility as a Manufacturing Objective}},
  JOURNAL =      {International Journal of Operations and Production Management},
  YEAR =         {1983},
  volume =       {3},
  number =       {3},
  pages =        {4--13},
}

@TECHREPORT{Browne.1984,
  AUTHOR =       {J. Browne},
  TITLE =        {{Types of Flexibilities and Classification of Flexible Manufacturing Systems}},
  INSTITUTION =  {Division of Research, Graduate School of Business Administration},
  YEAR =         {1984},
  type =         {Working Paper},
  address =      {The University of Michigan},
  month =        {February},
}

@ARTICLE{Medbo2003,
  author = {Medbo, L.},
  title = {{Assembly Work Execution and Materials Kit Functionality in Parallel
	Flow Assembly Systems}},
  journal = {International Journal of Production Economics Journal of Industrial
	Ergonomics},
  year = {2003},
  volume = {31},
  pages = {263-281},
  owner = {stephen},
  timestamp = {2012.02.27}
}


@MASTERSTHESIS{Carlsson_2008,
  author = {Carlsson, O. and Hensvold, B.},
  title = {{Kitting in a High Variation Assembly Line}},
  school = {Lule\r{a} University of Technology},
  year = {2008},
  file = {:Papers\\LTU-EX-08002-SE.pdf:PDF},
  owner = {stephen},
  review = {Describes kitting operations at Caterpillar and provides good background
	on kitting.},
  timestamp = {2011.10.13}
}

@ARTICLE{Schwind1992,
  author = {Schwind, G. F.},
  title = {{How Storage Systems Keep Kits Moving}},
  journal = {Material Handling Engineering},
  year = {1992},
  volume = {47},
  pages = {43-45},
  number = {12},
  owner = {stephen},
  timestamp = {2012.02.27}
}

@ARTICLE{Bozer1992,
  author = {Bozer, Y. A. and McGinnis, L. F.},
  title = {{Kitting Versus Line Stocking: A Conceptual Framework and Descriptive
	Model}},
  journal = {International Journal of Production Economics},
  year = {1992},
  volume = {28},
  pages = {1-19},
  owner = {stephen},
  timestamp = {2012.02.27}
}

@ARTICLE{Jiao2000,
  author = {Jiao, J. and Tseng, M. M. and Ma, Q. and Y. Zou},
  title = {{Generic Bill-of-Materials-and-Operations for High-Variety Production
	Management}},
  journal = {{Concurrent Engineering: Research and Applications}},
  year = {2000},
  volume = {8},
  pages = {297--321},
  number = {4},
  month = {December}
}
