@INPROCEEDINGS{Coles.ICAPS.2010,
  AUTHOR =       {A. J. Coles and A. Coles and M. Fox and D. Long},
  TITLE =        {{Forward-Chaining Partial-Order Planning}},
  BOOKTITLE =    {{20th International Conference on Automated Planning and Scheduling, ICAPS 2010}},
  YEAR =         {2010},
  pages =        {42--49},
  address =      {Toronto, Ontario, Canada},
  month =        {May 12--16},
  organization = {AAAI 2010},
}



@BOOK{NAU.2004,
  AUTHOR =       {Nau, D. and Ghallab, M. and Traverso, P.},
  TITLE =        {Automated Planning: Theory \& Practice},
  PUBLISHER =    {Morgan Kaufmann Publishers Inc.},
  YEAR =         {2004},
  address =      {San Francisco, CA, USA},
}

@TECHREPORT{PDDL,
  author = {Ghallab, M. and Howe, A. and Knoblock, C. and McDermott, D. and Ram,
	A. and Veloso, M. and Weld, D. and Wilkins, D.},
  title = {{PDDL--The Planning Domain Definition Language}},
  institution = {Yale},
  year = {1998},
  number = {CVC TR98-003/DCS TR-1165},
  owner = {stephen},
  timestamp = {2012.02.29}
}


@Article{FOXandLong.2003,
 author = {M. Fox and D. Long},
 title = {{PDDL2.1: An Extension to PDDL for Expressing Temporal Planning Domains}},
 journal = {{Journal of Artificial Intelligence Research (JAIR)}},
 year = {2003},
 volume = {20},
 number = {1},
 pages = {61--124},
 OPTmonth = {December},
}

@InProceedings{Albus2000,
  author = {J. Albus},
  title = {{4-D/RCS Reference Model Architecture for Unmanned Ground Vehicles}},
  booktitle = {Proceedings of the IEEE International Conference on Robotics and Automation (ICRA)},
  year = {2000},
  pages = {3260--3265},
}

@TechReport{NISTIR.Balakirsky,
 author = {S. Balakirsky and T. Kramer and A. Pietromartire},
 title = {{Metrics and Test Methods for Industrial Kit Building}},
 institution = {National Institute of Standards and Technology},
 year = {2012},
 number = {to appear},
 type = {NISTIR},
 address = {Gaithersburg, MD, USA},
}

@InProceedings{BALAKIRSKY.IROS.2012,
author={S. Balakirsky and C. Schlenoff and T. Kramer and S. Gupta},
booktitle={Proceedings of the 2012 IEEE/RSJ International Conference on Intelligent Robots and Systems (IROS)},
title={{An Industrial Robotic Knowledge Representation for Kit Building Applications}},
year={2012},
month={October},
pages={1365--1370},}