% This file was created with JabRef 2.7.
% Encoding: Cp1252

@INPROCEEDINGS{BALAGUER.IROS.2008,
  author = {B. Balaguer and S. Balakirsky and S. Carpin and M. Lewis and C. Scrapper},
  title = {{USARSim: a Validated Simulator for Research in Robotics and Automation}},
  booktitle = {IEEE/RSJ IROS 2008 Workshop on Robot Simulators: Available Software,
	Scientific Applications and Future Trends},
  year = {2008}
}

@INBOOK{CARPIN.LNAI.2006,
  chapter = {{High Fidelity Tools for Rescue Robotics: Results and Perspectives}},
  pages = {301--311},
  title = {Robocup 2005: Robot Soccer World Cup IX, LNAI},
  publisher = {Springer},
  year = {2006},
  author = {S. Carpin and J. Wang and M. Lewis and A. Birk and A. Jacoff},
  volume = {4020}
}

@ARTICLE{DIETER.IJRS.2003,
  author = {D. Fox},
  title = {{Adapting the Sample Size in Particle Filters Through KLD-Sampling}},
  journal = {International Journal of Robotics Research},
  year = {2003},
  volume = {22},
  pages = {985--1003}
}

@ARTICLE{UDKWeb,
  author = {Epic Games},
  title = {{Unreal Development Kit}},
  journal = {http://udk.com},
  year = {2011},
  owner = {stephen},
  timestamp = {2011.12.10}
}

@ARTICLE{ROSWeb,
  author = {Willow Garage},
  title = {{ROS Wiki}},
  journal = {http://www.ros.org/wiki},
  year = {2011},
  owner = {stephen},
  timestamp = {2011.12.08},
  url = {http://www.ros.org/wiki/}
}

@ARTICLE{VMACWeb,
  author = {IEEE},
  title = {{Virtual Manufacturing and Automation Home Page}},
  journal = {http://www.vma-competition.com},
  year = {2011},
  owner = {stephen},
  timestamp = {2011.12.10}
}

@ARTICLE{RosArmNavWeb,
  author = {Jones, E.},
  title = {{ROS Arm Navigation}},
  journal = {http://www.ros.org/wiki/arm\_navigation},
  year = {2011},
  owner = {stephen},
  timestamp = {2011.12.14}
}

@ARTICLE{KOOTBALLY.ITEA.2010,
  author = {Z. Kootbally and C. Schlenoff and R. Madhavan},
  title = {{Performance Assessment of PRIDE in Manufacturing Environments}},
  journal = {ITEA Journal},
  year = {2010},
  volume = {31},
  pages = {410--416},
  number = {3}
}

@INPROCEEDINGS{KOOTBALLY.PERMIS.2008,
  author = {Z. Kootbally and C. Schlenoff and R. Madhavan and S. Foufou},
  title = {{Fuzzy-Logic-Based Approach for Identifying Objects of Interest in
	the PRIDE Framework}},
  booktitle = {Proceedings of the Performance Metrics for Intellignet Sytems (PerMIS
	2008) Workshop},
  year = {2008},
  pages = {17--24},
  address = {Gaithersburg, MD}
}

@INPROCEEDINGS{LEWIS.ICHC.2003,
  author = {M. Lewis and K. Sycara and I. Nourbakhsh},
  title = {{Developing a Testbed for Studying Human-Robot Interaction in Urban
	Search and Rescue}},
  booktitle = {Proceedings of the 10$^{th}$ International Conference on Human Computer
	Interaction},
  year = {2003},
  pages = {22--27}
}

@ARTICLE{RosNavWeb,
  author = {Marder-Eppstein, E.},
  title = {{ROS Navigation Stack}},
  journal = {http://www.ros.org/wiki/navigation},
  year = {2011},
  owner = {stephen},
  timestamp = {2011.12.14}
}

@ARTICLE{physXWeb,
  author = {Nvidia},
  title = {{PhysX Description}},
  journal = {http://www.geforce.com/Hardware/Technologies/physx},
  year = {2011},
  owner = {stephen},
  timestamp = {2011.12.10}
}

@INBOOK{QUIGLEY.AAAI.2007,
  chapter = {STAIR: Hardware and Software Architecture},
  pages = {6--23},
  title = {AAAI 2007 Robotics Workshop},
  year = {2007},
  author = {M. Quigley and E. Berger and A. Y. Ng},
  volume = {85}
}

@CONFERENCE{QUIGLEY.ICRA.2009,
  author = {M. Quigley and B. Gerkey and K. Conley and J. Faust and T. Foote
	and J. Leibs and E. Berger and R. Wheeler and A. Y. Ng},
  title = {{ROS: an open-source Robot Operating System}},
  booktitle = {ICRA Workshop on Open Source Software},
  year = {2009}
}

@ARTICLE{RoboCupWeb,
  author = {RoboCup},
  title = {{RoboCup Rescue Homepage}},
  journal = {http://www.robocuprescue.org},
  year = {2011},
  owner = {stephen},
  timestamp = {2011.12.10}
}

@ARTICLE{SendingSimpleGoals,
  author = {ROS},
  title = {{Sending Goals to the Navigation Stack}},
  journal = {http://www.ros.org/wiki/navigation/Tutorials/SendingSimpleGoals},
  year = {2011},
  owner = {ROS}
}

@ARTICLE{USARSimWeb,
  author = {USARSim},
  title = {{UsarSim Web}},
  journal = {http://www.usarsim.sourceforge.net},
  year = {2011},
  owner = {stephen},
  timestamp = {2011.12.10}
}

@ARTICLE{MoveBase,
  author = {ROS},
  title = {{Move Base}},
  journal = {http://www.ros.org/wiki/move\_base},
  year = {2011},
}

@INPROCEEDINGS{WANG.WSC.2003,
  author = {J. Wang and M. Lewis and J. Gennari},
  title = {{A Game Engine Based Simulation of the NIST Urban Search and Rescue
	Arenas}},
  booktitle = {Proceedings of the 2003 Winter Simulation Conference},
  year = {2003},
  volume = {1},
  pages = {1039--1045}
}

@INPROCEEDINGS{WANG.HFES.2005,
  author = {J. Wang and M. Lewis and S. Hughes and M. Koes and S. Carpin},
  title = {{Validating USARSim for use in HRI Research}},
  booktitle = {Proceedings of the Human Factors and Ergonomics Society 49$^{th}$
	Annual Meeting},
  year = {2005},
  pages = {457--461}
}

@INPROCEEDINGS{WYOBEK.ICRA.2008,
  author = {K. Wyobek and E. Berger and H. V. der Loos and K. Salisbury},
  title = {{Towards a Personal Robotics Development Platform: Rationale and
	Design of an Intrinsically Safe Personal Robot}},
  booktitle = {Proceedings of the IEEE International Conference on Robotics and
	Automation (ICRA)},
  year = {2008},
  pages = {2165--2170},
  address = {Pasadena, CA}
}

@INBOOK{ZARATTI.LNAI.2007,
  chapter = {{A 3D Simulator of Multiple Legged Robots based on USARSim}},
  pages = {13--24},
  title = {RoboCup 2006: Robot Soccer World Cup X, LNAI},
  publisher = {Springer},
  year = {2007},
  author = {M. Zaratti and M. Fratarcangeli and L. Iocchi},
  volume = {4434}
}

@MANUAL{KarmEngine,
  title = {{MathEngine Karma \texttrademark User Guide}},
  organization = {Epic Games},
  month = {March},
  year = {2002}
}
