% This file was created with JabRef 2.9.2.
% Encoding: Cp1252

@INPROCEEDINGS{Albus2000,
  author = {James Albus},
  title = {4-D/RCS Reference Model Architecture for Unmanned Ground Vehicles},
  booktitle = {Proceedings of the IEEE International Conference on Robotics and
	Automation (ICRA)},
  year = {2000},
  pages = {3260-3265},
  owner = {stephen},
  timestamp = {2012.11.28}
}

@ARTICLE{SHARIFI.1999,
  AUTHOR =       {H. Sharifi and Z. Zhang},
  TITLE =        {{A Methodology for Achieving Agility in Manufacturing Organizations: An Introduction}},
  JOURNAL =      {International Journal of Production Economics},
  YEAR =         {1999},
  volume =       {62},
  pages =        {7--22},
}

@ARTICLE{GUNASEKARAN.1999,
  AUTHOR =       {A. Gunasekaran},
  TITLE =        {{Agile Manufacturing: A Framework for Research and Development}},
  JOURNAL =      {International Journal of Production Economics},
  YEAR =         {1999},
  volume =       {62},
  pages =        {87--105},
}

@ARTICLE{Maskell.2001,
  AUTHOR =       {B. Maskell},
  TITLE =        {{The Age of Agile Manufacturing}},
  JOURNAL =      {International Journal of Supply Chain Management},
  YEAR =         {2001},
  volume =       {6},
  number =       {1},
  pages =        {5--11},
}

@ARTICLE{UDKWeb,
  author = {Epic Games},
  title = {{Unreal Development Kit}},
  journal = {http://udk.com},
  year = {2011},
  owner = {stephen},
  timestamp = {2011.12.10}
}

@ARTICLE{USARTRUTH,
  author = {USARTruth},
  title = {{USARTruth}},
  journal = {http://sourceforge.net/apps/mediawiki/usarsim/index.php?title=Getting_Information_on_USARSim_Objects},
  year = {2013}
}

@CONFERENCE{QUIGLEY.ICRA.2009,
  author = {M. Quigley and B. Gerkey and K. Conley and J. Faust and T. Foote
	and J. Leibs and E. Berger and R. Wheeler and A. Y. Ng},
  title = {{ROS: an open-source Robot Operating System}},
  booktitle = {ICRA Workshop on Open Source Software},
  year = {2009}
}

@INBOOK{QUIGLEY.AAAI.2007,
  chapter = {STAIR: Hardware and Software Architecture},
  pages = {6--23},
  title = {AAAI 2007 Robotics Workshop},
  year = {2007},
  author = {M. Quigley and E. Berger and A. Y. Ng},
  volume = {85}
}

@INPROCEEDINGS{WYOBEK.ICRA.2008,
  author = {K. Wyobek and E. Berger and H. V. der Loos and K. Salisbury},
  title = {{Towards a Personal Robotics Development Platform: Rationale and
	Design of an Intrinsically Safe Personal Robot}},
  booktitle = {Proceedings of the IEEE International Conference on Robotics and
	Automation (ICRA)},
  year = {2008},
  pages = {2165--2170},
  address = {Pasadena, CA}
}

@ARTICLE{RoboCupWeb,
  author = {RoboCup},
  title = {{RoboCup Rescue Homepage}},
  journal = {http://www.robocuprescue.org},
  year = {2011},
  owner = {stephen},
  timestamp = {2011.12.10}
}

@ARTICLE{physXWeb,
  author = {Nvidia},
  title = {{PhysX Description}},
  journal = {http://www.geforce.com/Hardware/Technologies/physx},
  year = {2011},
  owner = {stephen},
  timestamp = {2011.12.10}
}

@INPROCEEDINGS{LEWIS.ICHC.2003,
  author = {M. Lewis and K. Sycara and I. Nourbakhsh},
  title = {{Developing a Testbed for Studying Human-Robot Interaction in Urban
	Search and Rescue}},
  booktitle = {Proceedings of the 10$^{th}$ International Conference on Human Computer
	Interaction},
  year = {2003},
  pages = {22--27}
}

@INBOOK{CARPIN.LNAI.2006,
  chapter = {{High Fidelity Tools for Rescue Robotics: Results and Perspectives}},
  pages = {301--311},
  title = {Robocup 2005: Robot Soccer World Cup IX, LNAI},
  publisher = {Springer},
  year = {2006},
  author = {S. Carpin and J. Wang and M. Lewis and A. Birk and A. Jacoff},
  volume = {4020}
}

@INPROCEEDINGS{WANG.WSC.2003,
  author = {J. Wang and M. Lewis and J. Gennari},
  title = {{A Game Engine Based Simulation of the NIST Urban Search and Rescue
	Arenas}},
  booktitle = {Proceedings of the 2003 Winter Simulation Conference},
  year = {2003},
  volume = {1},
  pages = {1039--1045}
}

@ARTICLE{ROSWeb,
  author = {Willow Garage},
  title = {{ROS Wiki}},
  journal = {http://www.ros.org/wiki},
  year = {2011},
  owner = {stephen},
  timestamp = {2011.12.08},
  url = {http://www.ros.org/wiki/}
}

@INPROCEEDINGS{OWLspec,
  author = {W3C},
  title = {{OWL 2 Web Ontology Language Structural Specification and Functional
	Syntax}},
  booktitle = {http://www.w3.org/TR/owl2-syntax/},
  year = {2009},
  timestamp = {2012.09.26}
}

@ARTICLE{USARSimWeb,
  author = {USARSim},
  title = {{UsarSim Web}},
  journal = {http://www.usarsim.sourceforge.net},
  year = {2011},
  owner = {stephen},
  timestamp = {2011.12.10}
}

@ARTICLE{Astrova2007,
  author = {Astrova, I. and Korda, N. and Kalja, A.},
  title = {Storing OWL Ontologies in SQL Relational Databases},
  journal = {World Academy of Science, Engineering and Technology},
  year = {2007},
  volume = {29},
  pages = {167-172},
  owner = {stephen},
  timestamp = {2012.11.19}
}

@BOOK{NAU.2004,
  title = {Automated Planning: Theory \& Practice},
  publisher = {Morgan Kaufmann Publishers Inc.},
  year = {2004},
  author = {Nau, D. and Ghallab, M. and Traverso, P.},
  address = {San Francisco, CA, USA}
}

@MISC{KIDD.2000,
  author =       {P. Kidd},
  title =        {{Two Definitions of Agility}},
  howpublished = {http://www.cheshirehenbury.com/agility/twodefinitions.html},
  year =         {2000},
}

@InProceedings{BALAKIRSKY.IROS.2012,
author={S. Balakirsky and C. Schlenoff and T. Kramer and S. Gupta},
booktitle={Proceedings of the 2012 IEEE/RSJ International Conference on Intelligent Robots and Systems (IROS)},
title={{An Industrial Robotic Knowledge Representation for Kit Building Applications}},
year={2012},
month={October},
pages={1365--1370},}

@Book{NAGEL.1991,
 title = {{21st Century Manufacturing Enterprise Strategy: An Industry-Led View}},
 publisher = {Diane Pub Co},
 year = {1991},
 author = {R.N. Nagel and  R. Dove},
 address = {Iacocca Institute of Lehigh University, USA},
}

@ARTICLE{Dahmardeh.2010,
  AUTHOR =       {N. Dahmardeh and S.A. Banihashemi},
  TITLE =        {{Organizational Agility and Agile Manufacturing}},
  JOURNAL =      {European Journal of Economics, Finance and Administrative Sciences},
  YEAR =         {2010},
  number =       {27},
  pages =        {178--184},
  month =        {December},
}

@ARTICLE{Struebing.1995,
  AUTHOR =       {L. Struebing},
  TITLE =        {{New Approach to Agile Manufacturing}},
  JOURNAL =      {Quality Progress},
  YEAR =         {1995},
  volume =       {12},
  number =       {28},
  pages =        {18--19},
}

@ARTICLE{SHERIDAN.1993,
  AUTHOR =       {J.H. Sheridan},
  TITLE =        {{Agile Manufacturing: Stepping beyond Lean Production}},
  JOURNAL =      {Industry Week},
  YEAR =         {1993},
  volume =       {8},
  number =       {242},
  pages =        {30--46},
}

@ARTICLE{Jiao2000,
  author = {Jiao, J. and Tseng, M. M. and Ma, Q. and Y. Zou},
  title = {{Generic Bill-of-Materials-and-Operations for High-Variety Production
	Management}},
  journal = {{Concurrent Engineering: Research and Applications}},
  year = {2000},
  volume = {8},
  pages = {297--321},
  number = {4},
  month = {December}
}

@ARTICLE{Schwind1992,
  author = {Schwind, G. F.},
  title = {{How Storage Systems Keep Kits Moving}},
  journal = {Material Handling Engineering},
  year = {1992},
  volume = {47},
  pages = {43-45},
  number = {12},
  owner = {stephen},
  timestamp = {2012.02.27}
}

@MASTERSTHESIS{Carlsson_2008,
  author = {Carlsson, O. and Hensvold, B.},
  title = {{Kitting in a High Variation Assembly Line}},
  school = {Lule\r{a} University of Technology},
  year = {2008},
  file = {:Papers\\LTU-EX-08002-SE.pdf:PDF},
  owner = {stephen},
  review = {Describes kitting operations at Caterpillar and provides good background
	on kitting.},
  timestamp = {2011.10.13}
}

@ARTICLE{Balakirsky2013,
  author = {Stephen Balakirsky and Zeid Kootbally and Thomas Kramer and Anthony
	Pietromartire and Craig Schlenoff and Satyandra Gupta},
  title = {Knowledge driven Robotics for kitting applications },
  journal = {Robotics and Autonomous Systems },
  year = {2013},
  pages = { - },
  doi = {http://dx.doi.org/10.1016/j.robot.2013.04.006},
  issn = {0921-8890},
  keywords = {<!-- Tag Not Handled --><keyword id=#k000005#>Ontology},
  owner = {sbalakirsky3},
  timestamp = {2013.08.12},
  url = {http://www.sciencedirect.com/science/article/pii/S0921889013000602}
}

@TECHREPORT{Balakirsky2012-1,
  author = {Balakirsky, S. and Kramer, T. and Kootbally, Z. and Pietromartire,
	A.},
  title = {Metrics and Test Methods for Industrial Kit Building},
  institution = {National Institute of Standards and Technology (NIST)},
  year = {2012},
  owner = {stephen},
  timestamp = {2012.12.07}
}

@ARTICLE{Bozer1992,
  author = {Bozer, Y. A. and McGinnis, L. F.},
  title = {Kitting Versus Line Stocking: A Conceptual Framework and Descriptive
	Model},
  journal = {International Journal of Production Economics},
  year = {1992},
  volume = {28},
  pages = {1-19},
  owner = {stephen},
  timestamp = {2012.02.27}
}

@INPROCEEDINGS{Balakirsky2007,
  author = {Carpin, S. and Lewis, M. and Jijun Wang and Balakirsky, S. and Scrapper,
	C.},
  title = {USARSim: A Robot Simulator for Research and Education},
  booktitle = {Robotics and Automation, 2007 IEEE International Conference on},
  year = {2007},
  pages = {1400 -1405},
  month = {april},
  doi = {10.1109/ROBOT.2007.363180},
  issn = {1050-4729},
  keywords = {Robocup;USARSim;education;research;robot simulator;virtual robots
	competition;educational technology;research and development;robots;},
  owner = {stephen},
  timestamp = {2012.03.06}
}

@INPROCEEDINGS{Coles.ICAPS.2010,
  author = {A. J. Coles and A. Coles and M. Fox and D. Long},
  title = {Forward-Chaining Partial-Order Planning},
  booktitle = {20th International Conference on Automated Planning and Scheduling,
	ICAPS 2010},
  year = {2010},
  pages = {42--49},
  address = {Toronto, Ontario, Canada},
  month = {May 12--16},
  organization = {AAAI 2010},
  owner = {sbalakirsky3},
  timestamp = {2013.08.09}
}

@BOOK{Collins93,
  title = {Failure of Materials in Mechanical Design: Analysis, Prediction,
	Prevention},
  publisher = {Wiley Interscience},
  year = {1993},
  author = {J. Collins},
  owner = {sbalakirsky3},
  timestamp = {2013.08.15}
}

@ARTICLE{RobotAccuracy,
  author = {Control and Robotics Lab at the ETS, Montreal},
  title = {Measuring the absolute accuracy of an ABB IRB 1600 industrial robot},
  journal = {http://www.youtube.com/watch?v=d3fCkS5xFlg},
  year = {2011},
  owner = {stephen},
  timestamp = {2012.12.09}
}

@TECHREPORT{PDDL,
  author = {Ghallab, M. and Howe, A. and Knoblock, C. and McDermott, D. and Ram,
	A. and Veloso, M. and Weld, D. and Wilkins, D.},
  title = {PDDL--The Planning Domain Definition Language},
  institution = {Yale},
  year = {1998},
  number = {CVC TR98-003/DCS TR-1165},
  owner = {stephen},
  timestamp = {2012.02.29}
}

@INPROCEEDINGS{OWLoverview,
  author = {F. Harmelen and D. McGuiness},
  title = {OWL Web Ontology Language Overview},
  booktitle = {http://www.w3.org/TR/2004/REC-owl-features-20040210/},
  year = {2012},
  owner = {sbalakirsky3},
  timestamp = {2013.08.13}
}

@ARTICLE{James2011,
  author = {Tony James},
  title = {Ford's Michigan eco car plant: one size fits all},
  journal = {Engineering and Technology Magazine},
  year = {2011},
  volume = {7},
  month = {July},
  owner = {sbalakirsky3},
  timestamp = {2013.08.12}
}

@ARTICLE{Medbo2003,
  author = {Medbo, L.},
  title = {Assembly Work Execution and Materials Kit Functionality in Parallel
	Flow Assembly Systems},
  journal = {International Journal of Industrial Ergonomics},
  year = {2003},
  volume = {31},
  pages = {263-281},
  file = {:X\:\\Papers\\Medbo - 2003 - Assembly work execution and materials.pdf:PDF},
  owner = {stephen},
  timestamp = {2012.02.27}
}

@INPROCEEDINGS{Schyja2012,
  author = {Schyja, A. and Hypki, A. and Kuhlenkotter, B.},
  title = {A modular and extensible framework for real and virtual bin-picking
	environments},
  booktitle = {Robotics and Automation (ICRA), 2012 IEEE International Conference
	on},
  year = {2012},
  pages = {5246 -5251},
  month = {may},
  doi = {10.1109/ICRA.2012.6224875},
  issn = {1050-4729},
  keywords = {bin-picking systems;collision avoidance;gripper;industrial applications;motion
	planning;object recognition;real bin-picking environments;robot vision;virtual
	bin-picking environments;collision avoidance;grippers;industrial
	robots;object recognition;robot vision;},
  owner = {sbalakirsky3},
  timestamp = {2013.08.12}
}

@INPROCEEDINGS{Wolter2000,
  author = {F. Wolter and M. Zakharyaschev},
  title = {Spatio-temporal Representation and Reasoning Based on RCC-8},
  booktitle = {Proceedings of the 7th Conference on Principles of Knowledge Representation
	and Reasoning},
  year = {2000},
  series = {KR2000},
  pages = {3--14},
  publisher = {Morgan Kaufmann},
  owner = {sbalakirsky3},
  timestamp = {2013.08.15}
}

