% This file was created with JabRef 2.7.
% Encoding: Cp1252

@ELECTRONIC{ASTM99,
  author = {ASTM},
  month = {March},
  year = {2012},
  title = {Form and Style for ASTM Standards},
  howpublished = {Web},
  url = {http://www.astm.org/COMMIT/Blue_Book.pdf},
  owner = {stephen},
  timestamp = {2012.10.26}
}

@INPROCEEDINGS{Balakirsky2012_1,
  author = {Balakirsky, S. and Kootbally, Z. and Kramer, T. and Madhavan, R.
	and Schlenoff, C. and Shneier, M.},
  title = {{Functional Requirements of a Model for Kitting Plans}},
  booktitle = {Proceedings of the 2012 Performance Metrics for Intelligent Systems
	(PerMIS'12)},
  year = {2012}
}

@ARTICLE{Blum97,
  author = {Blum, A. and Furst, M.},
  title = {Fast Planning Through Planning Graph Analysis},
  journal = {Artificial Intelligence},
  year = {1997},
  volume = {90},
  pages = {281-300},
  owner = {stephen},
  timestamp = {2012.07.13}
}

@ARTICLE{Bozer1992,
  author = {Bozer, Y. A. and McGinnis, L. F.},
  title = {Kitting Versus Line Stocking: A Conceptual Framework and Descriptive
	Model},
  journal = {International Journal of Production Economics},
  year = {1992},
  volume = {28},
  pages = {1-19},
  owner = {stephen},
  timestamp = {2012.02.27}
}

@MASTERSTHESIS{Carlsson_2008,
  author = {Carlsson, O. and Hensvold, B.},
  title = {{Kitting in a High Variation Assembly Line}},
  school = {Lule\r{a} University of Technology},
  year = {2008},
  file = {:Papers\\LTU-EX-08002-SE.pdf:PDF},
  owner = {stephen},
  review = {Describes kitting operations at Caterpillar and provides good background
	on kitting.},
  timestamp = {2011.10.13}
}

@INPROCEEDINGS{Balakirsky2007,
  author = {Carpin, S. and Lewis, M. and Jijun Wang and Balakirsky, S. and Scrapper,
	C.},
  title = {{USARSim: A Robot Simulator for Research and Education}},
  booktitle = {Robotics and Automation, 2007 IEEE International Conference on},
  year = {2007},
  pages = {1400 -1405},
  month = {april},
  doi = {10.1109/ROBOT.2007.363180},
  issn = {1050-4729},
  keywords = {Robocup;USARSim;education;research;robot simulator;virtual robots
	competition;educational technology;research and development;robots;},
  owner = {stephen},
  timestamp = {2012.03.06}
}

@INPROCEEDINGS{damlWeb,
  author = {DARPA},
  title = {{The DARPA Agent Markup Language Homepage}},
  booktitle = {http://www.daml.org},
  year = {2012},
  owner = {stephen},
  timestamp = {2012.03.05}
}

@INPROCEEDINGS{ROS,
  author = {Willow Garage},
  title = {{Robot Operating System (ROS)}},
  booktitle = {http://www.willowgarage.com/pages/software/ros-platform},
  year = {2012},
  owner = {stephen},
  timestamp = {2012.02.29}
}

@TECHREPORT{KIF,
  author = {Genesereth, M.R. and Fikes, R.E.},
  title = {{Knowledge Interchange Format Version 3.0 Reference Manual}},
  institution = {Knowledge Systems, AI Laboratory},
  year = {1992},
  type = {techreport},
  number = {KSL-92-86},
  address = {Stanford, CA, USA},
  month = {June}
}

@TECHREPORT{PDDL,
  author = {Ghallab, M. and Howe, A. and Knoblock, C. and McDermott, D. and Ram,
	A. and Veloso, M. and Weld, D. and Wilkins, D.},
  title = {{PDDL--The Planning Domain Definition Language}},
  institution = {Yale},
  year = {1998},
  number = {CVC TR98-003/DCS TR-1165},
  owner = {stephen},
  timestamp = {2012.02.29}
}

@BOOK{XMLSpyManual,
  title = {Altova XMLSpy 2010 User \& Reference Manual},
  publisher = {Altova GMBH},
  year = {2010},
  author = {Altova GMBH},
  address = {Vienna, Austria}
}

@ARTICLE{Hoffmann2001,
  author = {Hoffmann, J. and Nebel, B.},
  title = {{The FF Planning System: Fast Plan Generation Through Heuristic Search}},
  journal = {Journal of Artificial Intelligence Review},
  year = {2001},
  volume = {14},
  pages = {253-302},
  owner = {stephen},
  timestamp = {2012.07.16}
}

@BOOK{Horridge.2011,
  title = {A Practical Guide To Building OWL Ontologies Using Protege 4 and
	CO-ODE Tools, Edition 1.3},
  publisher = {University of Manchester},
  year = {2011},
  author = {Horridge, M.},
  address = {Manchester, England}
}

@MISC{SWRL-W3C,
  author = {Horrocks, I. and Patel-Schneider, P.F. and Boley, H. and Tabet, S.
	and Grosof, B. and Dean, M.},
  title = {{SWRL: A Semantic Web Rule Language Combining OWL and RuleML}},
  howpublished = {{W3C} {M}ember {S}ubmission},
  month = {May},
  year = {2004}
}

@ARTICLE{Hua2010,
  author = {Hua, S. Y. and Johnson, D. J.},
  title = {Research issues on factors influencing the choice of kitting versus
	line stocking},
  journal = {International Journal of Production Research},
  year = {2010},
  volume = {48},
  pages = {779-800},
  number = {3},
  doi = {10.1080/00207540802456802},
  eprint = {http://www.tandfonline.com/doi/pdf/10.1080/00207540802456802},
  file = {:X\:\\Papers\\Hua2010.pdf:PDF},
  owner = {stephen},
  timestamp = {2012.02.28},
  url = {http://www.tandfonline.com/doi/abs/10.1080/00207540802456802}
}

@BOOK{EXPRESSmanual,
  title = {Industrial automation systems and integration -- Product data representation
	and exchange -- Part 11: Description method: The EXPRESS language
	reference manual},
  publisher = {ISO},
  year = {2003},
  author = {ISO},
  address = {Geneva, Switzerland}
}

@ARTICLE{Jiao2000,
  author = {Jiao, J. and Tseng, M. M. and Ma, Q. and Y. Zou},
  title = {{Generic Bill-of-Materials-and-Operations for High-Variety Production
	Management}},
  journal = {{Concurrent Engineering: Research and Applications}},
  year = {2000},
  volume = {8},
  pages = {297--321},
  number = {4},
  month = {December}
}

@INPROCEEDINGS{Klusch2005,
  author = {Klusch, M. and Gerber, A.},
  title = {Semantic web service composition planning with OWLS-XPlan},
  booktitle = {In Proceedings of the 1st Int. AAAI Fall Symposium on Agents and
	the Semantic Web},
  year = {2005},
  pages = {55--62}
}

@BOOK{LexAndYACC,
  title = {lex \& yacc},
  publisher = {O'Reilly},
  year = {1995},
  author = {Levine, J. R. and Mason, T. and Brown, D.},
  address = {Cambridge, MA, USA}
}

@ARTICLE{Madhavan2011,
  author = {Madhavan, R. and Yu, W. and Biggs, G. and Schlenoff, C.},
  title = {{IEEE RAS STanding Committee for Standards Activities: History and
	Status Update}},
  journal = {Journal of Advanced Robotics Special Issue on Internationalization},
  year = {2011},
  owner = {stephen},
  timestamp = {2012.03.05}
}

@INPROCEEDINGS{Martin2012,
  author = {Martin, D. and Burstein, M. and Hobbs, J. and Lassila, O. and McDermott,
	D. and McIlraith, S. and Narayanan, S. and Paolucci, M. and Parsia,
	B. and Payne, T. and Sirin, E. and Srinivasan, N. and Sycara, K.},
  title = {{OWL-S: Semantic Markup for Web Services}},
  booktitle = {http://www.w3.org/Submission/OWL-S/},
  year = {2012},
  owner = {stephen},
  timestamp = {2012.02.29}
}

@INPROCEEDINGS{McGuinness2004,
  author = {McGuinness, D. and van Harmelen, F.},
  title = {OWL Web Ontology Language Overview, W3C Recommendation},
  booktitle = {http://www.w3.org/TR/2004/REC-owl-features-20040210/},
  year = {2004},
  owner = {stephen},
  timestamp = {2012.02.29}
}

@ARTICLE{Medbo2003,
  author = {Medbo, L.},
  title = {{Assembly Work Execution and Materials Kit Functionality in Parallel
	Flow Assembly Systems}},
  journal = {International Journal of Production Economics Journal of Industrial
	Ergonomics},
  year = {2003},
  volume = {31},
  pages = {263-281},
  file = {:X\:\\Papers\\Medbo - 2003 - Assembly work execution and materials.pdf:PDF},
  owner = {stephen},
  timestamp = {2012.02.27}
}

@INPROCEEDINGS{AICPub946:1998,
  author = {Myers, K. L. },
  title = {Towards a Framework for Continuous Planning and Execution},
  booktitle = {Proceedings of the AAAI 1998 Fall Symposium on Distributed},
  year = {1998},
  publisher = {AAAI Press}
}

@INPROCEEDINGS{Myers1998,
  author = {Myers, K. L.},
  title = {{Towards a Framework for Continuous Planning and Execution}},
  booktitle = {Proceedings of the AAAI 1998 Fall Symposium on Distributed},
  year = {1998},
  publisher = {AAAI Press}
}

@BOOK{NAU.2004,
  title = {Automated Planning: Theory \& Practice},
  publisher = {Morgan Kaufmann Publishers Inc.},
  year = {2004},
  author = {Nau, D. and Ghallab, M. and Traverso, P.},
  address = {San Francisco, CA, USA}
}

@ARTICLE{Schwind1992,
  author = {Schwind, G.F.},
  title = {{How Storage Systems Keep Kits Moving}},
  journal = {Material Handling Engineering},
  year = {1992},
  volume = {47},
  pages = {43-45},
  number = {12},
  owner = {stephen},
  timestamp = {2012.02.27}
}

@BOOK{Stroustrup.2000,
  title = {The C++ Programming Language},
  publisher = {Addison Wesley},
  year = {2000},
  author = {Stroustrup, B.},
  address = {New York, NY, USA}
}

@ARTICLE{OWL-S,
  author = {W3C Member Submission},
  title = {OWL-S: Semantic Markup for Web Services},
  journal = {http://www.w3.org/Submission/OWL-S},
  year = {2004},
  owner = {stephen},
  timestamp = {2012.03.07}
}

@INPROCEEDINGS{OWLoverview,
  author = {W3C},
  title = {{OWL 2 Web Ontology Language Document Overview}},
  booktitle = {http://www.w3.org/TR/owl-overview/},
  year = {2012},
  owner = {stephen},
  timestamp = {2012.02.29}
}

@INPROCEEDINGS{OWLprimer,
  author = {W3C},
  title = {{OWL 2 Web Ontology Language Primer}},
  booktitle = {http://www.w3.org/TR/owl2-primer/},
  year = {2009},
  timestamp = {2012.09.26}
}

@INPROCEEDINGS{OWLspec,
  author = {W3C},
  title = {{OWL 2 Web Ontology Language Structural Specification and Functional
	Syntax}},
  booktitle = {http://www.w3.org/TR/owl2-syntax/},
  year = {2009},
  timestamp = {2012.09.26}
}

@INPROCEEDINGS{SPARQL,
  author = {W3C},
  title = {SPARQL Query Language for RDF},
  booktitle = {http://www.w3.org/TR/rdf-sparql-query/},
  year = {2008}
}

@INPROCEEDINGS{XMLschemaPrimer,
  author = {W3C},
  title = {{XML Schema Part 0: Primer Second Edition}},
  booktitle = {http://www.w3.org/TR/xmlschema-0/},
  year = {2004},
  timestamp = {2012.09.26}
}

@INPROCEEDINGS{XMLschemaStructures,
  author = {W3C},
  title = {{XML Schema Part 1: Structures Second Edition}},
  booktitle = {http://www.w3.org/TR/xmlschema-1/},
  year = {2004},
  timestamp = {2012.09.26}
}

@BOOK{Walmsley.2002,
  title = {Definitive XML Schema},
  publisher = {Prentice Hall},
  year = {2002},
  author = {Walmsley, P.},
  address = {Upper Saddle River, NJ, USA}
}

@INPROCEEDINGS{ontologyDef,
  author = {Wikipedia},
  title = {Ontology},
  booktitle = {http://en.wikipedia.org/wiki/Ontology},
  year = {2012},
  owner = {stephen},
  timestamp = {2012.03.05}
}

@comment{jabref-meta: selector_review:}

@comment{jabref-meta: selector_publisher:}

@comment{jabref-meta: selector_author:}

@comment{jabref-meta: selector_journal:}

@comment{jabref-meta: selector_keywords:}

