% This file was created with JabRef 2.9.2.
% Encoding: Cp1252

@INPROCEEDINGS{Albus2000,
  author = {Albus, J.},
  title = {4-D/RCS Reference Model Architecture for Unmanned Ground Vehicles},
  booktitle = {Proceedings of the IEEE International Conference on Robotics and
	Automation (ICRA)},
  year = {2000},
  pages = {3260-3265},
  owner = {stephen},
  timestamp = {2012.11.28}
}

@ARTICLE{Balakirsky2013,
  author = {Balakirsky, S. and Kootbally, Z. and Kramer, T. and Pietromartire,
	A. and Schlenoff, C. and Gupta, S.},
  title = {Knowledge driven Robotics for kitting applications },
  journal = {Robotics and Autonomous Systems },
  year = {2013},
  pages = { - },
  doi = {http://dx.doi.org/10.1016/j.robot.2013.04.006},
  issn = {0921-8890},
  keywords = {<!-- Tag Not Handled --><keyword id=#k000005#>Ontology},
  owner = {sbalakirsky3},
  timestamp = {2013.08.12},
  url = {http://www.sciencedirect.com/science/article/pii/S0921889013000602}
}

@TECHREPORT{Balakirsky2012-1,
  author = {Balakirsky, S. and Kramer, T. and Kootbally, Z. and Pietromartire,
	A.},
  title = {Metrics and Test Methods for Industrial Kit Building},
  institution = {National Institute of Standards and Technology (NIST)},
  year = {2012},
  type = {NISTIR},
  number = {7942},
  owner = {stephen},
  timestamp = {2012.12.07}
}

@ARTICLE{Blum97,
  author = {Blum, A. L. and Furst, M. L.},
  title = {Fast Planning Through Planning Graph Analysis},
  journal = {Artificial Intelligence},
  year = {1997},
  volume = {90},
  pages = {281-300},
  number = {1-2},
  owner = {sbalakirsky3},
  timestamp = {2014.04.25}
}

@ARTICLE{Bozer1992,
  author = {Bozer, Y. A. and McGinnis, L. F.},
  title = {Kitting Versus Line Stocking: A Conceptual Framework and Descriptive
	Model},
  journal = {International Journal of Production Economics},
  year = {1992},
  volume = {28},
  pages = {1-19},
  owner = {stephen},
  timestamp = {2012.02.27}
}

@INPROCEEDINGS{Balakirsky2007,
  author = {Carpin, S. and Lewis, M. and Jijun Wang and Balakirsky, S. and Scrapper,
	C.},
  title = {USARSim: A Robot Simulator for Research and Education},
  booktitle = {Robotics and Automation, 2007 IEEE International Conference on},
  year = {2007},
  pages = {1400 -1405},
  month = {april},
  doi = {10.1109/ROBOT.2007.363180},
  issn = {1050-4729},
  keywords = {Robocup;USARSim;education;research;robot simulator;virtual robots
	competition;educational technology;research and development;robots;},
  owner = {stephen},
  timestamp = {2012.03.06}
}

@INPROCEEDINGS{Coles.ICAPS.2010,
  author = {Coles, A. J. and Coles, A. and Fox, M. and Long, D.},
  title = {Forward-Chaining Partial-Order Planning},
  booktitle = {20th International Conference on Automated Planning and Scheduling,
	ICAPS 2010},
  year = {2010},
  pages = {42--49},
  address = {Toronto, Ontario, Canada},
  month = {May 12--16},
  organization = {AAAI 2010},
  owner = {sbalakirsky3},
  timestamp = {2013.08.09}
}

@BOOK{Collins93,
  title = {Failure of Materials in Mechanical Design: Analysis, Prediction,
	Prevention},
  publisher = {Wiley Interscience},
  year = {1993},
  author = {Collins, J.},
  owner = {sbalakirsky3},
  timestamp = {2013.08.15}
}

@ARTICLE{RobotAccuracy,
  author = {Control and Robotics Lab at the ETS, Montreal},
  title = {Measuring the absolute accuracy of an ABB IRB 1600 industrial robot},
  journal = {http://www.youtube.com/watch?v=d3fCkS5xFlg},
  year = {2011},
  owner = {stephen},
  timestamp = {2012.12.09}
}

@TECHREPORT{WorldRobot,
  author = {Statistical Department},
  title = {World Robotics Industrial Robotics},
  institution = {International Federation of Robotics},
  year = {2012},
  owner = {sbalakirsky3},
  timestamp = {2014.04.17}
}

@ARTICLE{Fikes1971,
  author = {Fikes, R. and Nilsson, N.},
  title = {STRIPS: A New Approach to the Application of Theorem Proving to Problem
	Solving},
  journal = {Artificial Intelligence},
  year = {1971},
  volume = {2},
  pages = {189-208},
  number = {3-4},
  owner = {sbalakirsky3},
  timestamp = {2014.04.25}
}

@TECHREPORT{PDDL,
  author = {Ghallab, M. and Howe, A. and Knoblock, C. and McDermott, D. and Ram,
	A. and Veloso, M. and Weld, D. and Wilkins, D.},
  title = {PDDL--The Planning Domain Definition Language},
  institution = {Yale},
  year = {1998},
  number = {CVC TR98-003/DCS TR-1165},
  owner = {stephen},
  timestamp = {2012.02.29}
}

@INPROCEEDINGS{OWLoverview,
  author = {Harmelen, F. and McGuiness, D.},
  title = {OWL Web Ontology Language Overview},
  booktitle = {http://www.w3.org/TR/2004/REC-owl-features-20040210/},
  year = {2012},
  owner = {sbalakirsky3},
  timestamp = {2013.08.13}
}

@INPROCEEDINGS{RobotAccuracy2,
  author = {Olli Hï¿½nninen},
  title = {Repeatability Test Fanuc Robot},
  booktitle = {https://www.youtube.com/watch?v=8DMT5Aj\textunderscore jjc},
  year = {2014},
  owner = {sbalakirsky3},
  timestamp = {2014.07.08}
}

@INPROCEEDINGS{Huckaby2012,
  author = {Huckaby, Jacob and Christensen, Henrik I},
  title = {A taxonomic framework for task modeling and knowledge transfer in
	manufacturing robotics},
  booktitle = {Workshops at 26th AAAI Conference on Artificial Intelligence},
  year = {2012},
  owner = {sbalakirsky3},
  timestamp = {2014.07.08}
}

@ARTICLE{James2011,
  author = {James, T.},
  title = {Ford's Michigan eco car plant: one size fits all},
  journal = {Engineering and Technology Magazine},
  year = {2011},
  volume = {7},
  month = {July},
  owner = {sbalakirsky3},
  timestamp = {2013.08.12}
}

@ARTICLE{Kramer2014,
  author = {Kramer, T. and Marks, B. and Schlenoff, C. and Balakirsky, S. and
	Kootbally, Z. and Pietromartire, A.},
  title = {Software Tools for XML to OWL Translation},
  journal = {To be published},
  year = {2014},
  volume = {1},
  owner = {sbalakirsky3},
  timestamp = {2014.04.29}
}

@ARTICLE{Medbo2003,
  author = {Medbo, L.},
  title = {Assembly Work Execution and Materials Kit Functionality in Parallel
	Flow Assembly Systems},
  journal = {International Journal of Industrial Ergonomics},
  year = {2003},
  volume = {31},
  pages = {263-281},
  file = {:X\:\\Papers\\Medbo - 2003 - Assembly work execution and materials.pdf:PDF},
  owner = {stephen},
  timestamp = {2012.02.27}
}

@INPROCEEDINGS{Patel2012,
  author = {Patel, Rajendra and Hedelind, Mikael and Lozan-Villegas, Pablo},
  title = {Enabling robots in small-part assembly lines: The" ROSETTA approach"-an
	industrial perspective},
  booktitle = {Robotics; Proceedings of ROBOTIK 2012; 7th German Conference on},
  year = {2012},
  pages = {1--5},
  organization = {VDE},
  owner = {sbalakirsky3},
  timestamp = {2014.07.08}
}

@INPROCEEDINGS{Pfrommer2013,
  author = {Pfrommer, Julius and Schleipen, Miriam and Beyerer, Jurgen},
  title = {PPRS: Production skills and their relation to product, process, and
	resource},
  booktitle = {Emerging Technologies \& Factory Automation (ETFA), 2013 IEEE 18th
	Conference on},
  year = {2013},
  pages = {1--4},
  organization = {IEEE},
  owner = {sbalakirsky3},
  timestamp = {2014.07.08}
}

@INPROCEEDINGS{Fanuc200iD,
  author = {Fanuc Robot},
  title = {Fanuc Robot LR Mate 200iD},
  booktitle = {Data Sheet},
  year = {2013},
  owner = {sbalakirsky3},
  timestamp = {2014.07.08}
}

@INPROCEEDINGS{schlenoff2012,
  author = {Schlenoff, Craig and Prestes, Edson and Madhavan, Raj and Goncalves,
	Paulo and Li, Howard and Balakirsky, Stephen and Kramer, Thomas and
	Miguelanez, Emilio},
  title = {An IEEE standard ontology for robotics and automation},
  booktitle = {Intelligent Robots and Systems (IROS), 2012 IEEE/RSJ International
	Conference on},
  year = {2012},
  pages = {1337--1342},
  organization = {IEEE},
  owner = {sbalakirsky3},
  timestamp = {2014.07.09}
}

@INPROCEEDINGS{Schyja2012,
  author = {Schyja, A. and Hypki, A. and Kuhlenkotter, B.},
  title = {A modular and extensible framework for real and virtual bin-picking
	environments},
  booktitle = {Robotics and Automation (ICRA), 2012 IEEE International Conference
	on},
  year = {2012},
  pages = {5246 -5251},
  month = {may},
  doi = {10.1109/ICRA.2012.6224875},
  issn = {1050-4729},
  keywords = {bin-picking systems;collision avoidance;gripper;industrial applications;motion
	planning;object recognition;real bin-picking environments;robot vision;virtual
	bin-picking environments;collision avoidance;grippers;industrial
	robots;object recognition;robot vision;},
  owner = {sbalakirsky3},
  timestamp = {2013.08.12}
}

@INPROCEEDINGS{Stenmark2013,
  author = {Stenmark, Maj and Malec, Jacek and Nilsson, Klas and Robertsson,
	Anders},
  title = {On Distributed Knowledge Bases for Small-Batch Assembly},
  booktitle = {Cloud Robotics Workshop, IEEE/RSJ International Conference on Intelligent
	Robots and Systems},
  year = {2013},
  owner = {sbalakirsky3},
  timestamp = {2014.07.08}
}

@INPROCEEDINGS{Wolter2000,
  author = {Wolter, F. and Zakharyaschev, M.},
  title = {Spatio-temporal Representation and Reasoning Based on RCC-8},
  booktitle = {Proceedings of the 7th Conference on Principles of Knowledge Representation
	and Reasoning},
  year = {2000},
  series = {KR2000},
  pages = {3--14},
  publisher = {Morgan Kaufmann},
  owner = {sbalakirsky3},
  timestamp = {2013.08.15}
}

