% This file was created with JabRef 2.9.2.
% Encoding: Cp1252

@INPROCEEDINGS{Albus2000,
  author = {James Albus},
  title = {4-D/RCS Reference Model Architecture for Unmanned Ground Vehicles},
  booktitle = {Proceedings of the IEEE International Conference on Robotics and
	Automation (ICRA)},
  year = {2000},
  pages = {3260-3265},
  owner = {stephen},
  timestamp = {2012.11.28}
}

@ARTICLE{Balakirsky2013,
  author = {Stephen Balakirsky and Zeid Kootbally and Thomas Kramer and Anthony
	Pietromartire and Craig Schlenoff and Satyandra Gupta},
  title = {Knowledge driven Robotics for kitting applications },
  journal = {Robotics and Autonomous Systems },
  year = {2013},
  pages = { - },
  number = {0},
  doi = {http://dx.doi.org/10.1016/j.robot.2013.04.006},
  issn = {0921-8890},
  keywords = {<!-- Tag Not Handled --><keyword id=#k000005#>Ontology},
  owner = {sbalakirsky3},
  timestamp = {2013.08.12},
  url = {http://www.sciencedirect.com/science/article/pii/S0921889013000602}
}

@TECHREPORT{Balakirsky2012-1,
  author = {Balakirsky, S. and Kramer, T. and Kootbally, Z. and Pietromartire,
	A.},
  title = {Metrics and Test Methods for Industrial Kit Building},
  institution = {National Institute of Standards and Technology (NIST)},
  year = {2012},
  owner = {stephen},
  timestamp = {2012.12.07}
}

@ARTICLE{Bozer1992,
  author = {Bozer, Y. A. and McGinnis, L. F.},
  title = {Kitting Versus Line Stocking: A Conceptual Framework and Descriptive
	Model},
  journal = {International Journal of Production Economics},
  year = {1992},
  volume = {28},
  pages = {1-19},
  owner = {stephen},
  timestamp = {2012.02.27}
}

@INPROCEEDINGS{Balakirsky2007,
  author = {Carpin, S. and Lewis, M. and Jijun Wang and Balakirsky, S. and Scrapper,
	C.},
  title = {USARSim: A Robot Simulator for Research and Education},
  booktitle = {Robotics and Automation, 2007 IEEE International Conference on},
  year = {2007},
  pages = {1400 -1405},
  month = {april},
  doi = {10.1109/ROBOT.2007.363180},
  issn = {1050-4729},
  keywords = {Robocup;USARSim;education;research;robot simulator;virtual robots
	competition;educational technology;research and development;robots;},
  owner = {stephen},
  timestamp = {2012.03.06}
}

@INPROCEEDINGS{Coles.ICAPS.2010,
  author = {A. J. Coles and A. Coles and M. Fox and D. Long},
  title = {Forward-Chaining Partial-Order Planning},
  booktitle = {20th International Conference on Automated Planning and Scheduling,
	ICAPS 2010},
  year = {2010},
  pages = {42--49},
  address = {Toronto, Ontario, Canada},
  month = {May 12--16},
  organization = {AAAI 2010},
  owner = {sbalakirsky3},
  timestamp = {2013.08.09}
}

@BOOK{Collins93,
  title = {Failure of Materials in Mechanical Design: Analysis, Prediction,
	Prevention},
  publisher = {Wiley Interscience},
  year = {1993},
  author = {J. Collins},
  owner = {sbalakirsky3},
  timestamp = {2013.08.15}
}

@ARTICLE{RobotAccuracy,
  author = {Control and Robotics Lab at the ETS, Montreal},
  title = {Measuring the absolute accuracy of an ABB IRB 1600 industrial robot},
  journal = {http://www.youtube.com/watch?v=d3fCkS5xFlg},
  year = {2011},
  owner = {stephen},
  timestamp = {2012.12.09}
}

@TECHREPORT{PDDL,
  author = {Ghallab, M. and Howe, A. and Knoblock, C. and McDermott, D. and Ram,
	A. and Veloso, M. and Weld, D. and Wilkins, D.},
  title = {PDDL--The Planning Domain Definition Language},
  institution = {Yale},
  year = {1998},
  number = {CVC TR98-003/DCS TR-1165},
  owner = {stephen},
  timestamp = {2012.02.29}
}

@INPROCEEDINGS{OWLoverview,
  author = {F. Harmelen and D. McGuiness},
  title = {OWL Web Ontology Language Overview},
  booktitle = {http://www.w3.org/TR/2004/REC-owl-features-20040210/},
  year = {2012},
  owner = {sbalakirsky3},
  timestamp = {2013.08.13}
}

@ARTICLE{James2011,
  author = {Tony James},
  title = {Ford's Michigan eco car plant: one size fits all},
  journal = {Engineering and Technology Magazine},
  year = {2011},
  volume = {7},
  month = {July},
  owner = {sbalakirsky3},
  timestamp = {2013.08.12}
}

@ARTICLE{Medbo2003,
  author = {Medbo, L.},
  title = {Assembly Work Execution and Materials Kit Functionality in Parallel
	Flow Assembly Systems},
  journal = {International Journal of Industrial Ergonomics},
  year = {2003},
  volume = {31},
  pages = {263-281},
  file = {:X\:\\Papers\\Medbo - 2003 - Assembly work execution and materials.pdf:PDF},
  owner = {stephen},
  timestamp = {2012.02.27}
}

@INPROCEEDINGS{Schyja2012,
  author = {Schyja, A. and Hypki, A. and Kuhlenkotter, B.},
  title = {A modular and extensible framework for real and virtual bin-picking
	environments},
  booktitle = {Robotics and Automation (ICRA), 2012 IEEE International Conference
	on},
  year = {2012},
  pages = {5246 -5251},
  month = {may},
  doi = {10.1109/ICRA.2012.6224875},
  issn = {1050-4729},
  keywords = {bin-picking systems;collision avoidance;gripper;industrial applications;motion
	planning;object recognition;real bin-picking environments;robot vision;virtual
	bin-picking environments;collision avoidance;grippers;industrial
	robots;object recognition;robot vision;},
  owner = {sbalakirsky3},
  timestamp = {2013.08.12}
}

@INPROCEEDINGS{Wolter2000,
  author = {F. Wolter and M. Zakharyaschev},
  title = {Spatio-temporal Representation and Reasoning Based on RCC-8},
  booktitle = {Proceedings of the 7th Conference on Principles of Knowledge Representation
	and Reasoning},
  year = {2000},
  series = {KR2000},
  pages = {3--14},
  publisher = {Morgan Kaufmann},
  owner = {sbalakirsky3},
  timestamp = {2013.08.15}
}

