@BOOK{NAU.2004,
  AUTHOR =       {Nau, Dana and Ghallab, Malik and Traverso, Paolo},
  TITLE =        {Automated Planning: Theory \& Practice},
  PUBLISHER =    {Morgan Kaufmann Publishers Inc.},
  YEAR =         {2004},
  address =      {San Francisco, CA, USA},
}
