% This file was created with JabRef 2.7.
% Encoding: Cp1252

@INPROCEEDINGS{Balakirsky2012_1,
  AUTHOR =       {Balakirsky, S. and Kootbally, Z. and Kramer, T. and Madhavan, R. and Schlenoff, C. and Shneier, M.},
  TITLE =        {{Functional Requirements of a Model for Kitting Plans}},
  BOOKTITLE =    {Proceedings of the 2012 Performance Metrics for Intelligent Systems (PerMIS'12)},
  YEAR =         {2012}
}

@ARTICLE{Bozer1992,
  author = {Bozer, Y.A. and McGinnis, L.F.},
  title = {Kitting versus line stocking: A conceptual framework and descriptive
	model},
  journal = {International Journal of Production Economics},
  year = {1992},
  volume = {28},
  pages = {1-19},
  owner = {stephen},
  timestamp = {2012.02.27}
}

@MASTERSTHESIS{Carlsson_2008,
  author = {Carlsson, O. and Hensvold, B.},
  title = {Kitting in a High Variation Assembly Line},
  school = {Luleå University of Technology},
  year = {2008},
  note = {Describes kitting operations at Caterpillar and provides good background
	on kitting.},
  file = {:Papers\\LTU-EX-08002-SE.pdf:PDF},
  owner = {stephen},
  timestamp = {2011.10.13}
}

@INPROCEEDINGS{Balakirsky2007,
  author = {Carpin, S. and Lewis, M. and Jijun Wang and Balakirsky, S. and Scrapper,
	C.},
  title = {USARSim: a robot simulator for research and education},
  booktitle = {Robotics and Automation, 2007 IEEE International Conference on},
  year = {2007},
  pages = {1400 -1405},
  month = {april},
  doi = {10.1109/ROBOT.2007.363180},
  issn = {1050-4729},
  keywords = {Robocup;USARSim;education;research;robot simulator;virtual robots
	competition;educational technology;research and development;robots;},
  owner = {stephen},
  timestamp = {2012.03.06}
}

@INPROCEEDINGS{damlWeb,
  author = {DARPA},
  title = {The DARPA Agent Markup Language Homepage},
  booktitle = {http://www.daml.org},
  year = {2012},
  owner = {stephen},
  timestamp = {2012.03.05}
}

@INPROCEEDINGS{ROS,
  author = {Willow Garage},
  title = {Robot Operating System (ROS)},
  booktitle = {http://www.willowgarage.com/pages/software/ros-platform},
  year = {2012},
  owner = {stephen},
  timestamp = {2012.02.29}
}

@TECHREPORT{PDDL,
  author = {Ghallab, M. and Howe, A. and Knoblock, C. and McDermott, D. and Ram,
	A. and Veloso, M. and Weld, D. and Wilkins, D.},
  title = {PDDL- the planning domain definition language},
  institution = {Yale},
  year = {1998},
  number = {CVC TR98-003/DCS TR-1165},
  owner = {stephen},
  timestamp = {2012.02.29}
}

@ARTICLE{Hua2010,
  author = {Hua, Stella Y. and Johnson, Danny J.},
  title = {Research issues on factors influencing the choice of kitting versus
	line stocking},
  journal = {International Journal of Production Research},
  year = {2010},
  volume = {48},
  pages = {779-800},
  number = {3},
  doi = {10.1080/00207540802456802},
  eprint = {http://www.tandfonline.com/doi/pdf/10.1080/00207540802456802},
  file = {:X\:\\Papers\\Hua2010.pdf:PDF},
  owner = {stephen},
  timestamp = {2012.02.28},
  url = {http://www.tandfonline.com/doi/abs/10.1080/00207540802456802}
}

@ARTICLE{Jiao2000,
  AUTHOR =       {Jiao, J. and Tseng, M. M. and Ma, Q. and Y. Zou},
  TITLE =        {{Generic Bill-of-Materials-and-Operations for High-Variety Production Management}},
  JOURNAL =      {{Concurrent Engineering: Research and Applications}},
  YEAR =         {2000},
  volume =       {8},
  number =       {4},
  pages =        {297--321},
  month =        {December},
}

@ARTICLE{Madhavan2011,
  author = {Madhavan, R. and Yu, W. and Biggs, G. and Schlenoff, C.},
  title = {IEEE RAS STanding Committee for Standards Activities: History and
	Status Update},
  journal = {Journal of Advanced Robotics Special Issue on Internationalization},
  year = {2011},
  owner = {stephen},
  timestamp = {2012.03.05}
}

@INPROCEEDINGS{Martin2012,
  author = {Martin, D. and Burstein, M. and Hobbs, J. and Lassila, O. and McDermott,
	D. and McIlraith, S. and Narayanan, S. and Paolucci, M. and Parsia,
	B. and Payne, T. and Sirin, E. and Srinivasan, N. and Sycara, K.},
  title = {{OWL-S: Semantic Markup for Web Services}},
  booktitle = {http://www.w3.orag/Submission/OWL-S/},
  year = {2012},
  owner = {stephen},
  timestamp = {2012.02.29}
}

@INPROCEEDINGS{McGuinness2004,
  author = {McGuinness, D. and van Harmelen, F.},
  title = {OWL Web Ontology Language Overview, W3C Recommendation},
  booktitle = {http://www.w3.org/TR/2004/REC-owl-features-20040210/},
  year = {2004},
  owner = {stephen},
  timestamp = {2012.02.29}
}

@ARTICLE{Medbo2003,
  author = {Medbo, L.},
  title = {Assembly work execution and materials kit functinoality in parallel
	flow assembly systems},
  journal = {International Journal of Production Economics Journal of Industrial
	Ergonomics},
  year = {2003},
  volume = {31},
  pages = {263-281},
  file = {:X\:\\Papers\\Medbo - 2003 - Assembly work execution and materials.pdf:PDF},
  owner = {stephen},
  timestamp = {2012.02.27}
}

@ARTICLE{Schwind1992,
  author = {Schwind, G.F.},
  title = {How storage systems keep kits moving},
  journal = {Material Handling Engineering},
  year = {1992},
  volume = {47},
  pages = {43-45},
  number = {12},
  owner = {stephen},
  timestamp = {2012.02.27}
}

@INPROCEEDINGS{OWL,
  author = {W3C},
  title = {OWL 2 Web Ontology Language Document Overview},
  booktitle = {http://www.w3.org/TR/owl-overview/},
  year = {2012},
  owner = {stephen},
  timestamp = {2012.02.29}
}

@INPROCEEDINGS{ontologyDef,
  author = {Wikipedia},
  title = {Ontology},
  booktitle = {http://en.wikipedia.org/wiki/Ontology},
  year = {2012},
  owner = {stephen},
  timestamp = {2012.03.05}
}

@comment{jabref-meta: selector_review:}

@comment{jabref-meta: selector_publisher:}

@comment{jabref-meta: selector_author:}

@comment{jabref-meta: selector_journal:}

@comment{jabref-meta: selector_keywords:}
