@ARTICLE{Schwind1992,
  author = {Schwind, G.F.},
  title = {{How Storage Systems Keep Kits Moving}},
  journal = {Material Handling Engineering},
  year = {1992},
  volume = {47},
  pages = {43-45},
  number = {12},
  owner = {stephen},
  timestamp = {2012.02.27}
}

@MASTERSTHESIS{Carlsson_2008,
  author = {Carlsson, O. and Hensvold, B.},
  title = {{Kitting in a High Variation Assembly Line}},
  school = {Lule\r{a} University of Technology},
  year = {2008},
  file = {:Papers\\LTU-EX-08002-SE.pdf:PDF},
  owner = {stephen},
  review = {Describes kitting operations at Caterpillar and provides good background
	on kitting.},
  timestamp = {2011.10.13}
}

@ARTICLE{Bozer1992,
  author = {Bozer, Y. A. and McGinnis, L. F.},
  title = {Kitting Versus Line Stocking: A Conceptual Framework and Descriptive
	Model},
  journal = {International Journal of Production Economics},
  year = {1992},
  volume = {28},
  pages = {1-19},
  owner = {stephen},
  timestamp = {2012.02.27}
}

@ARTICLE{Jiao2000,
  author = {Jiao, J. and Tseng, M. M. and Ma, Q. and Y. Zou},
  title = {{Generic Bill-of-Materials-and-Operations for High-Variety Production
	Management}},
  journal = {{Concurrent Engineering: Research and Applications}},
  year = {2000},
  volume = {8},
  pages = {297--321},
  number = {4},
  month = {December}
}

@ARTICLE{Medbo2003,
  author = {Medbo, L.},
  title = {{Assembly Work Execution and Materials Kit Functionality in Parallel
	Flow Assembly Systems}},
  journal = {International Journal of Production Economics Journal of Industrial
	Ergonomics},
  year = {2003},
  volume = {31},
  pages = {263-281},
  file = {:X\:\\Papers\\Medbo - 2003 - Assembly work execution and materials.pdf:PDF},
  owner = {stephen},
  timestamp = {2012.02.27}
}

@ARTICLE{RobotAccuracy,
  author = {Control and Robotics Lab at the Ã‰TS, Montreal},
  title = {Measuring the absolute accuracy of an ABB IRB 1600 industrial robot},
  journal = {http://www.youtube.com/watch?v=d3fCkS5xFlg},
  year = {2011},
  owner = {stephen},
  timestamp = {2012.12.09}
}

@InProceedings{MELLO.1990,
 author = {L. S. Homem de Mello and A. C. Sanderson},
 title = {{Evaluation and Selection of Assembly Plans}},
 booktitle = {IEEE International Conference on Robotics and Automation},
 pages = {1588--1593},
 year = {1990},
 volume = {3},
 address = {Cincinnati, OH, USA},
 month = {13--18 May},
 doi = {10.1109/ROBOT.1990.126236},
}

@InProceedings{SANDERSON.1987,
   author = {A. C. Sanderson and L. S. {Homem de Mello}},
    title = {{Planning Assembly/disassembly Operations for Space Telerobotics}},
booktitle = {Society of Photo-Optical Instrumentation Engineers (SPIE) Conference Series},
     year = 1987,
   series = {Society of Photo-Optical Instrumentation Engineers (SPIE) Conference Series},
   volume = 851,
   editor = {{Chiou}, Sr., W.~C.},
    month = {January},
    pages = {109--115},
   adsurl = {http://adsabs.harvard.edu/abs/1987SPIE..851..109S},
  adsnote = {Provided by the SAO/NASA Astrophysics Data System}
}

@InProceedings{PARK.1991, 
author={J. H. Park D. G. Kwon M. J. Chung}, 
booktitle={Proceedings of 1991 the International Conference on Industrial Electronics, Control and Instrumentation}, 
title={{A Framework for the Evaluation and Selection of Assembly Plans}}, 
year={1991}, 
month={October--November}, 
volume={2}, 
pages={1215--1220},
doi={10.1109/IECON.1991.239268}, 
}

@InProceedings{BONNEVILLE.1995, 
author={F. Bonneville and C. Perrard and J. M. Henrioud}, 
booktitle={Proceedings of the 1995 INRIA/IEEE Symposium on Emerging Technologies and Factory Automation}, 
title={{A Genetic Algorithm to Generate and Evaluate Assembly Plans}}, 
year={1995}, 
month={October}, 
volume={2}, 
pages={231--239},
doi={10.1109/ETFA.1995.496663}, }




@InProceedings{SUAREZ.1997, 
author={R. Su\'{a}rez and S. Lee}, 
booktitle={Proceedings of the 1997 IEEE International Conference on Robotics and Automation}, 
title={{Towards a Standardized Cost Measure of Assembly Operations}}, 
year={1997}, 
month={April}, 
volume={1}, 
pages={620--625},
doi={10.1109/ROBOT.1997.620105},}

@TechReport{NISTIR.Balakirsky,
 author = {S. Balakirsky and T. Kramer and A. Pietromartire},
 title = {{Metrics and Test Methods for Industrial Kit Building}},
 institution = {National Institute of Standards and Technology},
 year = {2012},
 type = {NISTIR},
 address = {Gaithersburg, MD, USA},
}




